%%##################################################
%% ONLINE    agrfuelstorage
%%##################################################
@ONLINE{agrfuelstorage,
type                 = {ONLINE},
cite                 = {agrfuelstorage},
author               = {P. N. Standring},
title                = {The Long Term Storage of Advanced Gas-Cooled Reactor Fuel},
year                 = {},
url                  = {https://inis.iaea.org/collection/NCLCollectionStore/_Public/30/040/30040095.pdf},
}

%%##################################################
%% ONLINE    orbitals3d
%%##################################################
@ONLINE{orbitals3d,
type                 = {ONLINE},
cite                 = {orbitals3d},
author               = {Mark Winter},
title                = {Atomic Orbitals},
year                 = {},
url                  = {https://winter.group.shef.ac.uk/orbitron/atomic\},
}

%%##################################################
%% ONLINE    magnoxtemp
%%##################################################
@ONLINE{magnoxtemp,
type                 = {ONLINE},
cite                 = {magnoxtemp},
author               = {S. E. Jensen and E. Nonbol},
title                = {Description of the Magnox Type of Gas Cooled Reactor (MAGNOX)},
year                 = {1998},
url                  = {https://inis.iaea.org/collection/NCLCollectionStore/_Public/30/052/30052480.pdf},
}

%%##################################################
%% ONLINE    decay
%%##################################################
@ONLINE{decay,
type                 = {ONLINE},
cite                 = {decay},
author               = {A. A. Sonzogni},
title                = {Nuclear Data Services. www-nds.iaea.org},
year                 = {2006},
url                  = {http://www-nds.iaea.org/ndspub/download-endf/ENDF-B-VII.0/decay-index.htm},
}

%%##################################################
%% ONLINE    cyclotrons
%%##################################################
@ONLINE{cyclotrons,
type                 = {ONLINE},
cite                 = {cyclotrons},
author               = {IAEA Department of Nuclear Sciences and Applications},
title                = {Directory of Cyclotrons used for Radionuclide Production in Member States},
year                 = {2006},
url                  = {http://www-naweb.iaea.org/napc/iachem/cyclotrons/PDF/DCRP.pdf},
}

%%##################################################
%% ONLINE    bandgapshyperphysics
%%##################################################
@ONLINE{bandgapshyperphysics,
type                 = {ONLINE},
cite                 = {bandgapshyperphysics},
author               = {Hyperphysics},
title                = {Electron band gap diagram for insulators, semiconductors and conductors},
year                 = {2020},
url                  = {http://hyperphysics.phy-astr.gsu.edu/hbase/Solids/band.html},
}

%%##################################################
%% ONLINE    nuclearsizehyperphysics
%%##################################################
@ONLINE{nuclearsizehyperphysics,
type                 = {ONLINE},
cite                 = {nuclearsizehyperphysics},
author               = {Hyperphysics},
title                = {Nuclear Size and Density},
year                 = {2022},
url                  = {http://http://hyperphysics.phy-astr.gsu.edu/hbase/Nuclear/nucuni.html#c4},
}

%%##################################################
%% ONLINE    coulombhyperphysics
%%##################################################
@ONLINE{coulombhyperphysics,
type                 = {ONLINE},
cite                 = {coulombhyperphysics},
author               = {Hyperphysics},
title                = {Calculation of Coulomb Barrier},
year                 = {2022},
url                  = {http://hyperphysics.phy-astr.gsu.edu/hbase/NucEne/coubar.html},
}

%%##################################################
%% ONLINE    waterradiolysis
%%##################################################
@ONLINE{waterradiolysis,
type                 = {ONLINE},
cite                 = {waterradiolysis},
author               = {Sophie Le CaÃ«r},
title                = {Water Radiolysis: Influence of Oxide Surfaces on H2 Production under Ionizing Radiation},
year                 = {2011},
url                  = {https://www.mdpi.com/2073-4441/3/1/235},
}

%%##################################################
%% ONLINE    corrosionmo
%%##################################################
@ONLINE{corrosionmo,
type                 = {ONLINE},
cite                 = {corrosionmo},
author               = {S. Lyon},
title                = {Corrosion of Molybdenum and its Alloys},
year                 = {2010},
url                  = {https://www.researchgate.net/publication/287308921_Corrosion_of_Molybdenum_and_its_Alloys},
}

%%##################################################
%% ONLINE    nbsrhistory
%%##################################################
@ONLINE{nbsrhistory,
type                 = {ONLINE},
cite                 = {nbsrhistory},
author               = {John J. Rush and Ronald L. Cappelletti},
title                = {The NIST Center for Neutron Research: Over 40 Years Serving NIST/NBS and the Nation},
year                 = {2015},
url                  = {https://www.ncnr.nist.gov/NCNRHistory_Rush_Cappelletti.pdf},
}

%%##################################################
%% ONLINE    spallationsourceflux
%%##################################################
@ONLINE{spallationsourceflux,
type                 = {ONLINE},
cite                 = {spallationsourceflux},
author               = {M. N. H. Comsan},
title                = {Spallation Neutron Sources for Science and Technology},
year                 = {2011},
url                  = {https://inis.iaea.org/collection/NCLCollectionStore/_Public/43/099/43099436.pdf},
}

%%##################################################
%% ONLINE    isisneutronsource
%%##################################################
@ONLINE{isisneutronsource,
type                 = {ONLINE},
cite                 = {isisneutronsource},
author               = {ISIS},
title                = {How ISIS works - In Depth},
year                 = {2020},
url                  = {https://www.isis.stfc.ac.uk/Pages/How-ISIS-works--in-depth.aspx},
}

%%##################################################
%% ONLINE    deathsfromenergysource
%%##################################################
@ONLINE{deathsfromenergysource,
type                 = {ONLINE},
cite                 = {deathsfromenergysource},
author               = {Our World In Data},
title                = {Safest and Cleanest Sources of Energy},
year                 = {2020},
url                  = {https://ourworldindata.org/uploads/2020/10/What-is-the-safest-form-of-energy-2048x1129.png},
}

%%##################################################
%% ONLINE    periodictablena
%%##################################################
@ONLINE{periodictablena,
type                 = {ONLINE},
cite                 = {periodictablena},
author               = {periodictable.com},
title                = {Sodium: periodictable.com},
year                 = {2020},
url                  = {https://periodictable.com/Elements/011/data.html},
}

%%##################################################
%% ONLINE    periodictableal
%%##################################################
@ONLINE{periodictableal,
type                 = {ONLINE},
cite                 = {periodictableal},
author               = {periodictable.com},
title                = {Aluminium: periodictable.com},
year                 = {2020},
url                  = {https://periodictable.com/Elements/013/data.html},
}

%%##################################################
%% ONLINE    radiationamounts
%%##################################################
@ONLINE{radiationamounts,
type                 = {ONLINE},
cite                 = {radiationamounts},
author               = {Ministry of Defence},
title                = {Radioactivity and Health},
year                 = {2012},
url                  = {https://assets.publishing.service.gov.uk/government/uploads/system/uploads/attachment\_data/file/34103/SDP\_FS4\_RadioactivityandHealthWEB.pdf},
}

%%##################################################
%% ONLINE    shengeamonline
%%##################################################
@ONLINE{shengeamonline,
type                 = {ONLINE},
cite                 = {shengeamonline},
author               = {H. Sheng},
title                = {EAM Potentials},
year                 = {2012},
url                  = {https://sites.google.com/site/eampotentials},
}

%%##################################################
%% ONLINE    chargesloshing1
%%##################################################
@ONLINE{chargesloshing1,
type                 = {ONLINE},
cite                 = {chargesloshing1},
author               = {Phil Hasnip},
title                = {CASTEP Workshop 2006},
year                 = {2006},
url                  = {http://www.tcm.phy.cam.ac.uk/castep/CASTEP_talks_06/hasnip_new_1.pdf},
}

%%##################################################
%% ONLINE    geniiiimprovements
%%##################################################
@ONLINE{geniiiimprovements,
type                 = {ONLINE},
cite                 = {genIIIimprovements},
author               = {World Nuclear},
title                = {Advanced Nuclear Power Reactors},
year                 = {2020},
url                  = {https://world-nuclear.org/information-library/nuclear-fuel-cycle/nuclear-power-reactors/advanced-nuclear-power-reactors.aspx},
}

%%##################################################
%% ONLINE    massattenuation
%%##################################################
@ONLINE{massattenuation,
type                 = {ONLINE},
cite                 = {massattenuation},
author               = {NIST},
title                = {X-Ray Mass Attenuation Coefficients},
year                 = {2022},
url                  = {https://physics.nist.gov/PhysRefData/XrayMassCoef/tab3.html},
}

%%##################################################
%% ONLINE    fermidiracdist
%%##################################################
@ONLINE{fermidiracdist,
type                 = {ONLINE},
cite                 = {fermidiracdist},
author               = {University of Cambridge},
title                = {Dissemination of IT for the Promotion of Materials Science},
year                 = {2020},
url                  = {https://www.doitpoms.ac.uk/tlplib/semiconductors/fermi.php},
}

%%##################################################
%% ONLINE    energycutoff
%%##################################################
@ONLINE{energycutoff,
type                 = {ONLINE},
cite                 = {energycutoff},
author               = {University of Illinois},
title                = {Density functional theory calculation of elastic constants},
year                 = {2020},
url                  = {https://courses.physics.illinois.edu/mse404ela/sp2018/Project2-DFT.html},
}

%%##################################################
%% ONLINE    hohenbergkohnleeuwen
%%##################################################
@ONLINE{hohenbergkohnleeuwen,
type                 = {ONLINE},
cite                 = {hohenbergkohnleeuwen},
author               = {Robert van Leeuwen},
title                = {Introduction to density-functional theory},
year                 = {2020},
url                  = {http://users.jyu.fi/~roleeuwe/DFTLectureNotes.pdf},
}

%%##################################################
%% ONLINE    gen4
%%##################################################
@ONLINE{gen4,
type                 = {ONLINE},
cite                 = {gen4},
author               = {H. Khartabil},
title                = {Gen-4 Reactors},
year                 = {2013},
url                  = {http://www.gen-4.org/GIF/About/documents/25-Session2-3-Khartabil.pdf},
}

%%##################################################
%% ONLINE    ocw01
%%##################################################
@ONLINE{ocw01,
type                 = {ONLINE},
cite                 = {ocw01},
author               = {MIT Open Courseware},
title                = {Engineering of Nuclear Systems - Lecture 6A},
year                 = {2013},
url                  = {http://ocw.mit.edu/courses/nuclear-engineering/22-06-engineering-of-nuclear-systems-fall-2010/lectures-and-readings/MIT22\_06F10\_lec06a.pdf},
}

%%##################################################
%% ONLINE    ocw02
%%##################################################
@ONLINE{ocw02,
type                 = {ONLINE},
cite                 = {ocw02},
author               = {MIT Open Courseware},
title                = {Engineering of Nuclear Systems - Lecture 6B},
year                 = {2013},
url                  = {http://ocw.mit.edu/courses/nuclear-engineering/22-06-engineering-of-nuclear-systems-fall-2010/lectures-and-readings/MIT22\_06F10\_lec06b.pdf},
}

%%##################################################
%% ONLINE    lenjonesparams001
%%##################################################
@ONLINE{lenjonesparams001,
type                 = {ONLINE},
cite                 = {lenjonesparams001},
author               = {Richards Centre at Yale University},
title                = {Van der Waals Potential Energy},
year                 = {2013},
url                  = {http://www.csb.yale.edu/userguides/datamanip/autodock/html/Using\_AutoDock\_305.a.html},
}

%%##################################################
%% ONLINE    gilgamesheos
%%##################################################
@ONLINE{gilgamesheos,
type                 = {ONLINE},
cite                 = {gilgamesheos},
author               = {gilgamesh},
title                = {Fitting Birch-Murnaghan},
year                 = {2013},
url                  = {http://gilgamesh.cheme.cmu.edu/doc/software/jacapo/appendices/appendix-eos.html},
}

%%##################################################
%% ONLINE    lanltour
%%##################################################
@ONLINE{lanltour,
type                 = {ONLINE},
cite                 = {lanltour},
author               = {Los Alamos National Laboratory},
title                = {Los Alamos National Laboratory Tour},
year                 = {2013},
url                  = {http://t2.lanl.gov/nis/tour/sch007.html},
}

%%##################################################
%% ONLINE    acklandec
%%##################################################
@ONLINE{acklandec,
type                 = {ONLINE},
cite                 = {acklandec},
author               = {B B Karki and G J Ackland and J Crain},
title                = {Elastic instabilities in crystals from ab initio stressâstrain relations},
year                 = {2013},
url                  = {http://www.homepages.ed.ac.uk/gja/karki1.pdf},
}

%%##################################################
%% ONLINE    stainsbyrgfr
%%##################################################
@ONLINE{stainsbyrgfr,
type                 = {ONLINE},
cite                 = {stainsbyrgfr},
author               = {Stainsby and R},
title                = {Los Alamos National Laboratory Tour},
year                 = {2013},
url                  = {http://www.iaea.org/INPRO/cooperation/5th_GIF_Meeting/GFR_Stainsby.pdf},
}

%%##################################################
%% ONLINE    genivgif
%%##################################################
@ONLINE{genivgif,
type                 = {ONLINE},
cite                 = {genivgif},
author               = {GenIV International Forum},
title                = {Introduction to Generation IV Nuclear Energy Systems and the International Forum},
year                 = {2013},
url                  = {https://www.iea.org/topics/world-energy-outlook},
}

%%##################################################
%% ONLINE    lma001
%%##################################################
@ONLINE{lma001,
type                 = {ONLINE},
cite                 = {lma001},
author               = {Prof. A. Zisserman},
title                = {Optimization Lecture 2},
year                 = {2014},
url                  = {http://www.robots.ox.ac.uk/\~az/lectures/b1/lect2.pdf},
}

%%##################################################
%% ONLINE    hfiruserguide
%%##################################################
@ONLINE{hfiruserguide,
type                 = {ONLINE},
cite                 = {hfiruserguide},
author               = {ORNL},
title                = {High Flux Isotope Reactor (HFIR) USER GUIDE},
year                 = {2015},
url                  = {https://neutrons.ornl.gov/sites/default/files/High\%20Flux\%20Isotope\%20Reactor\%20User\%20Guide\%202.0.pdf},
}

%%##################################################
%% ONLINE    wikivirialstress
%%##################################################
@ONLINE{wikivirialstress,
type                 = {ONLINE},
cite                 = {wikivirialstress},
author               = {Wikipedia},
title                = {Virial Stress},
year                 = {2016},
url                  = {https://en.wikipedia.org/wiki/Virial_stress},
}

%%##################################################
%% ONLINE    spallationsource
%%##################################################
@ONLINE{spallationsource,
type                 = {ONLINE},
cite                 = {spallationsource},
author               = {ORNL - E. B. Iverson},
title                = {Neutron Moderation},
year                 = {2016},
url                  = {https://conference.sns.gov/event/56/attachments/64/99/Lecture_2a_-_Neutron_Moderation_-_Erik_Iverson.pdf},
}

%%##################################################
%% ONLINE    researchreactorstats
%%##################################################
@ONLINE{researchreactorstats,
type                 = {ONLINE},
cite                 = {researchreactorstats},
author               = {World Nuclear},
title                = {},
year                 = {2018},
url                  = {http://www.world-nuclear.org/information-library/non-power-nuclear-applications/radioisotopes-research/research-reactors.aspx},
}

%%##################################################
%% ONLINE    neptunereactor
%%##################################################
@ONLINE{neptunereactor,
type                 = {ONLINE},
cite                 = {neptunereactor},
author               = {IAEA},
title                = {},
year                 = {2018},
url                  = {https://nucleus.iaea.org/RRDB/RR/ReactorSearch.aspx},
}

%%##################################################
%% ONLINE    hfirornl
%%##################################################
@ONLINE{hfirornl,
type                 = {ONLINE},
cite                 = {hfirornl},
author               = {ORNL},
title                = {},
year                 = {2018},
url                  = {https://neutrons.ornl.gov/hfir/parameters},
}

%%##################################################
%% ONLINE    hfirornluserguide
%%##################################################
@ONLINE{hfirornluserguide,
type                 = {ONLINE},
cite                 = {hfirornluserguide},
author               = {ORNL},
title                = {High Flux Isotope Reactor User Guide},
year                 = {2018},
url                  = {https://neutrons.ornl.gov/sites/default/files/High Flux Isotope Reactor User Guide 2.0.pdf},
}

%%##################################################
%% ONLINE    fecrschaeffler
%%##################################################
@ONLINE{fecrschaeffler,
type                 = {ONLINE},
cite                 = {fecrschaeffler},
author               = {BSSA},
title                = {BSSA},
year                 = {2019},
url                  = {https://www.bssa.org.uk/topics.php\?article},
}

%%##################################################
%% ONLINE    srimwebsite
%%##################################################
@ONLINE{srimwebsite,
type                 = {ONLINE},
cite                 = {srimwebsite},
author               = {J. Ziegler},
title                = {The Stopping and Range of Ions in Matter},
year                 = {2019},
url                  = {http://www.srim.org/SRIM/SRIMINTRO.htm},
}

%%##################################################
%% ONLINE    marlinwiretemp
%%##################################################
@ONLINE{marlinwiretemp,
type                 = {ONLINE},
cite                 = {marlinwiretemp},
author               = {Marlin Wire},
title                = {},
year                 = {2019},
url                  = {https://www.marlinwire.com/},
}

%%##################################################
%% ONLINE    sizewellbtemp
%%##################################################
@ONLINE{sizewellbtemp,
type                 = {ONLINE},
cite                 = {sizewellbtemp},
author               = {IAEA},
title                = {},
year                 = {2019},
url                  = {https://inis.iaea.org/collection/NCLCollectionStore/_Public/29/010/29010110.pdf},
}

%%##################################################
%% ONLINE    crystaleos
%%##################################################
@ONLINE{crystaleos,
type                 = {ONLINE},
cite                 = {crystaleos},
author               = {A. Mahmoud ad A. Erba},
title                = {Crystal: Equation of State},
year                 = {2019},
url                  = {http://tutorials.crystalsolutions.eu/tutorial.html?td},
}

%%##################################################
%% ONLINE    ppselloni
%%##################################################
@ONLINE{ppselloni,
type                 = {ONLINE},
cite                 = {ppselloni},
author               = {Annabella Selloni},
title                = {The plane waveâpseudopotential method (basic aspects)},
year                 = {2009},
url                  = {https://th.fhi-berlin.mpg.de/th/Meetings/DFT-workshop-Berlin2009/Talks/OnlinePublication/0624-2_20090623-1_Selloni_FINAL_2perA4_-_Selloni-Berlin2.pdf},
}

%%##################################################
%% ONLINE    abcdftsissa
%%##################################################
@ONLINE{abcdftsissa,
type                 = {ONLINE},
cite                 = {abcdftsissa},
author               = {SISSA},
title                = {},
year                 = {2020},
url                  = {https://people.sissa.it/~degironc/ES/lectures/ABCofDFT.pdf},
}

%%##################################################
%% ONLINE    exforlink
%%##################################################
@ONLINE{exforlink,
type                 = {ONLINE},
cite                 = {exforlink},
author               = {NEA},
title                = {},
year                 = {2020},
url                  = {https://www-nds.iaea.org/exfor/},
}

%%##################################################
%% ONLINE    differentsteels
%%##################################################
@ONLINE{differentsteels,
type                 = {ONLINE},
cite                 = {differentsteels},
author               = {Accu},
title                = {What Is The Difference Between Ferritic, Austenitic And Martensitic Stainless Steels?},
year                 = {2020},
url                  = {https://www.accu.co.uk/en/p/112-what-is-the-difference-between-ferritic-austenitic-martensitic-stainless-steels-accu},
}

%%##################################################
%% ONLINE    crystengcommzirlo
%%##################################################
@ONLINE{crystengcommzirlo,
type                 = {ONLINE},
cite                 = {crystengcommzirlo},
author               = {Philippe F Weck and Eunja Kim and Veena Tikare and John A Mitchell},
title                = {Mechanical properties of zirconium alloys and zirconium hydrides predicted from density functional perturbation theory},
year                 = {2020},
url                  = {https://www.osti.gov/pages/servlets/purl/1259850},
}

%%##################################################
%% ONLINE    carnottheorem
%%##################################################
@ONLINE{carnottheorem,
type                 = {ONLINE},
cite                 = {carnottheorem},
author               = {Wikipedia},
title                = {Carnots theorem (thermodynamics)},
year                 = {2020},
url                  = {https://en.wikipedia.org/wiki/Carnot},
}

%%##################################################
%% ONLINE    ccppwiki
%%##################################################
@ONLINE{ccppwiki,
type                 = {ONLINE},
cite                 = {ccppwiki},
author               = {Wikipedia},
title                = {Combined cycle power plant},
year                 = {2020},
url                  = {https://en.wikipedia.org/wiki/Combined_cycle_power_plant},
}

%%##################################################
%% ONLINE    genivgifvhtr
%%##################################################
@ONLINE{genivgifvhtr,
type                 = {ONLINE},
cite                 = {genivgifvhtr},
author               = {GenIV International Forum},
title                = {Very-High-Temperature Reactor (VHTR)},
year                 = {2020},
url                  = {https://www.gen-4.org/gif/jcms/c_9362/vhtr},
}

%%##################################################
%% ONLINE    genivgifgfr
%%##################################################
@ONLINE{genivgifgfr,
type                 = {ONLINE},
cite                 = {genivgifgfr},
author               = {GenIV International Forum},
title                = {Gas-Cooled Fast Reactor (GFR)},
year                 = {2020},
url                  = {https://www.gen-4.org/gif/jcms/c_9357/gfr},
}

%%##################################################
%% ONLINE    eprmat
%%##################################################
@ONLINE{eprmat,
type                 = {ONLINE},
cite                 = {eprmat},
author               = {Framatome ANP and Inc},
title                = {EPR Design Description},
year                 = {2020},
url                  = {https://www.nrc.gov/docs/ML0522/ML052280170.pdf},
}

%%##################################################
%% ONLINE    ap1000mat
%%##################################################
@ONLINE{ap1000mat,
type                 = {ONLINE},
cite                 = {ap1000mat},
author               = {IAEA},
title                = {Status report 81 - Advanced Passive PWR (AP 1000)},
year                 = {2020},
url                  = {https://aris.iaea.org/PDF/AP1000.pdf},
}

%%##################################################
%% ONLINE    uraniumenrichment
%%##################################################
@ONLINE{uraniumenrichment,
type                 = {ONLINE},
cite                 = {uraniumenrichment},
author               = {World Nuclear},
title                = {Uranium Enrichment},
year                 = {2020},
url                  = {https://www.world-nuclear.org/information-library/nuclear-fuel-cycle/conversion-enrichment-and-fabrication/uranium-enrichment.aspx},
}

%%##################################################
%% ONLINE    fccbccreciprocal
%%##################################################
@ONLINE{fccbccreciprocal,
type                 = {ONLINE},
cite                 = {fccbccreciprocal},
author               = {MIT},
title                = {Physics for Solid State Applications},
year                 = {2004},
url                  = {http://web.mit.edu/6.730/www/ST04/Lectures/Lecture7.pdf},
}

%%##################################################
%% ONLINE    synchrotrons
%%##################################################
@ONLINE{synchrotrons,
type                 = {ONLINE},
cite                 = {synchrotrons},
author               = {Diamond},
title                = {About Synchrotrons},
year                 = {2020},
url                  = {https://www.diamond.ac.uk/Home/About/FAQs/About-Synchrotrons.html},
}

%%##################################################
%% ONLINE    webelementsni
%%##################################################
@ONLINE{webelementsni,
type                 = {ONLINE},
cite                 = {webelementsni},
author               = {webelements.com},
title                = {Webelements: Nickel},
year                 = {2020},
url                  = {https://www.webelements.com/nickel},
}

%%##################################################
%% ONLINE    webelementscr
%%##################################################
@ONLINE{webelementscr,
type                 = {ONLINE},
cite                 = {webelementscr},
author               = {webelements.com},
title                = {Webelements: Chromium},
year                 = {2020},
url                  = {https://www.webelements.com/chromium},
}

%%##################################################
%% ONLINE    webelementsfe
%%##################################################
@ONLINE{webelementsfe,
type                 = {ONLINE},
cite                 = {webelementsfe},
author               = {webelements.com},
title                = {Webelements: Iron},
year                 = {2020},
url                  = {https://www.webelements.com/iron},
}

%%##################################################
%% ONLINE    webelementsal
%%##################################################
@ONLINE{webelementsal,
type                 = {ONLINE},
cite                 = {webelementsal},
author               = {webelements.com},
title                = {Webelements: Aluminium},
year                 = {2020},
url                  = {https://www.webelements.com/aluminium},
}

%%##################################################
%% ONLINE    webelementspd
%%##################################################
@ONLINE{webelementspd,
type                 = {ONLINE},
cite                 = {webelementspd},
author               = {webelements.com},
title                = {Webelements: Palladium},
year                 = {2020},
url                  = {https://www.webelements.com/palladium},
}

%%##################################################
%% ONLINE    bandgap
%%##################################################
@ONLINE{bandgap,
type                 = {ONLINE},
cite                 = {bandgap},
author               = {Hyperphysics},
title                = {Energy Bands for Solids},
year                 = {2020},
url                  = {http://hyperphysics.phy-astr.gsu.edu/hbase/Solids/band.html},
}

%%##################################################
%% ONLINE    worldstainless
%%##################################################
@ONLINE{worldstainless,
type                 = {ONLINE},
cite                 = {worldstainless},
author               = {World Stainless},
title                = {Stainless Steel: Tables o Technical Properties},
year                 = {2020},
url                  = {https://www.worldstainless.org/Files/issf/non-image-files/PDF/Euro_Inox/Tables_TechnicalProperties_EN.pdf},
}

%%##################################################
%% ONLINE    rolledalloys
%%##################################################
@ONLINE{rolledalloys,
type                 = {ONLINE},
cite                 = {rolledalloys},
author               = {Rolled Alloys},
title                = {What is alloy sensitization?},
year                 = {2020},
url                  = {https://www.rolledalloys.com/dotAsset/50dc766c-08f5-43d9-bbda-5d9a9a2fa6d5.jpg},
}

%%##################################################
%% ONLINE    ferriticvsaustenitic
%%##################################################
@ONLINE{ferriticvsaustenitic,
type                 = {ONLINE},
cite                 = {ferriticvsaustenitic},
author               = {Internatoinal Molybdenum Association},
title                = {Metallurgy of Mo in stainless steel},
year                 = {2020},
url                  = {https://www.imoa.info/molybdenum-uses/molybdenum-grade-stainless-steels/metallurgy-of-molybdenum-in-stainless-steel.php},
}

%%##################################################
%% ONLINE    radisandvoid
%%##################################################
@ONLINE{radisandvoid,
type                 = {ONLINE},
cite                 = {radisandvoid},
author               = {T. R. Allen and J. I. Cole and E. A. Kenik},
title                = {Radiation-Induced Segregation and Void Swelling in 304 Stainless Steel},
year                 = {2000},
url                  = {https://www.osti.gov/servlets/purl/757550},
}

%%##################################################
%% ONLINE    tendlfeco
%%##################################################
@ONLINE{tendlfeco,
type                 = {ONLINE},
cite                 = {tendlfeco},
author               = {NEA},
title                = {Janis Book},
year                 = {2020},
url                  = {https://tendl.web.psi.ch/tendl_2019/other/book-protons.pdf},
}

%%##################################################
%% ONLINE    ap1000dcd
%%##################################################
@ONLINE{ap1000dcd,
type                 = {ONLINE},
cite                 = {ap1000dcd},
author               = {United States Nuclear Regulatory Commission},
title                = {AP1000 Design Control Document},
year                 = {2020},
url                  = {https://www.nrc.gov/docs/ML1117/ML11171A447.pdf},
}

%%##################################################
%% ONLINE    ssina
%%##################################################
@ONLINE{ssina,
type                 = {ONLINE},
cite                 = {ssina},
author               = {Speciality Steel Industry of North America},
title                = {Intergranular Corrosion},
year                 = {2020},
url                  = {https://www.ssina.com/education/corrosion/intergranular-corrosion/},
}

%%##################################################
%% ONLINE    ftnppcost
%%##################################################
@ONLINE{ftnppcost,
type                 = {ONLINE},
cite                 = {ftnppcost},
author               = {Financial Times},
title                = {Cost of new Sizewell C Nuclear Plant},
year                 = {2020},
url                  = {https://www.ft.com/content/77c209f7-6d18-4609-ac3c-77d1b5b82b34},
}

%%##################################################
%% ONLINE    grainsizesteel
%%##################################################
@ONLINE{grainsizesteel,
type                 = {ONLINE},
cite                 = {grainsizesteel},
author               = {Materials},
title                = {Microstructure and Mechanical Properties of},
year                 = {2019},
url                  = {https://www.mdpi.com/1996-1944/12/2/290/pdf#:~:text},
}

%%##################################################
%% ONLINE    efgccgtcost
%%##################################################
@ONLINE{efgccgtcost,
type                 = {ONLINE},
cite                 = {efgccgtcost},
author               = {Energy for Generations},
title                = {ESB opens â¬820m Carrington Power Station in Manchester},
year                 = {2020},
url                  = {https://www.esb.ie/tns/press-centre/2017/2017/03/13/esb-opens-820m-carrington-power-station-in-manchester},
}

%%##################################################
%% ONLINE    qeforum
%%##################################################
@ONLINE{qeforum,
type                 = {ONLINE},
cite                 = {qeforum},
author               = {Quantum Espresso},
title                = {QE Forum},
year                 = {2022},
url                  = {https://lists.quantum-espresso.org/},
}

%%##################################################
%% ONLINE    materialssquaresingleatom
%%##################################################
@ONLINE{materialssquaresingleatom,
type                 = {ONLINE},
cite                 = {materialssquaresingleatom},
title                = {},
}

%%##################################################
%% ONLINE    morseparams001
%%##################################################
@ONLINE{morseparams001,
type                 = {ONLINE},
cite                 = {morseparams001},
author               = {L. A. Girifalco and V. G. Weizer},
title                = {Application of the Morse potential function to cubic metals},
journal              = {Physics Review},
year                 = {1959},
volume               = {114},
issue                = {},
pages                = {687},
}

%%##################################################
%% ARTICLE    nadiffusion
%%##################################################
@ARTICLE{nadiffusion,
type                 = {ARTICLE},
cite                 = {nadiffusion},
author               = {A. E. Rezaee and M. Almasi-Kashi},
title                = {The influence of point defects on Na diffusion in black phosphorene - first principles study},
journal              = {Journal Pre-proof},
year                 = {},
volume               = {},
issue                = {},
pages                = {},
}

%%##################################################
%% ARTICLE    feshbach
%%##################################################
@ARTICLE{feshbach,
type                 = {ARTICLE},
cite                 = {Feshbach},
author               = {H Feshbach and C E Porter and V F Weisskopf},
title                = {Model for Nuclear Reactions with Neutrons},
journal              = {Physical Review},
year                 = {1954},
volume               = {96},
issue                = {},
pages                = {448-464},
}

%%##################################################
%% ARTICLE    hodgson1
%%##################################################
@ARTICLE{hodgson1,
type                 = {ARTICLE},
cite                 = {Hodgson1},
author               = {P E Hodgson},
title                = {The Nuclear Optical Model},
journal              = {Rep. Prog. Phys.},
year                 = {1971},
volume               = {34},
issue                = {},
pages                = {765-819},
}

%%##################################################
%% ARTICLE    ironsurfaceenergy
%%##################################################
@ARTICLE{ironsurfaceenergy,
type                 = {ARTICLE},
cite                 = {ironsurfaceenergy},
author               = {T. A. Roth},
title                = {The Surface and Grain Boundary Energies of Iron, Cobalt and Nickel},
journal              = {Materials Science and Engineering},
year                 = {1975},
volume               = {18},
issue                = {},
pages                = {183-192},
}

%%##################################################
%% ARTICLE    pdsurfaceenergy
%%##################################################
@ARTICLE{pdsurfaceenergy,
type                 = {ARTICLE},
cite                 = {pdsurfaceenergy},
author               = {Paul Wynblatt},
title                = {A Calculation of the Surface Energies of FCC Transition Metals},
journal              = {Surface Science},
year                 = {1984},
volume               = {136},
issue                = {},
pages                = {L51-L56},
}

%%##################################################
%% ARTICLE    exforarticle
%%##################################################
@ARTICLE{exforarticle,
type                 = {ARTICLE},
cite                 = {exforarticle},
author               = {V.V. Zerkin and B. Pritychenko},
title                = {The experimental nuclear reaction data (EXFOR): Extended computer database and Web retrieval system},
journal              = {Nuclear Inst. and Methods in Physics Research, A},
year                 = {2018},
volume               = {888},
issue                = {},
pages                = {31-43},
}

%%##################################################
%% ARTICLE    exfortanaka
%%##################################################
@ARTICLE{exfortanaka,
type                 = {ARTICLE},
cite                 = {exfortanaka},
author               = {Shigeo Tanaka and Michiaki Furukawa},
title                = {Excitation Functions for (p,n) Reactions with Titanium, Vanadium, Chromium, Iron and Nickel up to Ep},
journal              = {Journal of the Physical Society of Japan},
year                 = {1959},
volume               = {14},
issue                = {10},
pages                = {1269-1275},
}

%%##################################################
%% ARTICLE    exforwing
%%##################################################
@ARTICLE{exforwing,
type                 = {ARTICLE},
cite                 = {exforwing},
author               = {J. Wing and J. R. Huizenga},
title                = {(p,n) Cross Sections of V51, Cr52, Cu63, Cu65, Ag107, Ag109, Cd111, Cd112 and La139 from 5 to 10.5MeV},
journal              = {Physical Review},
year                 = {1962},
volume               = {128},
issue                = {1},
pages                = {280-290},
}

%%##################################################
%% ARTICLE    exforgadioli
%%##################################################
@ARTICLE{exforgadioli,
type                 = {ARTICLE},
cite                 = {exforgadioli},
author               = {E. Gadioli and A. M. Grassi Strini and G. Lo Bianco and G. Strini and G. Tagliaferri},
title                = {Excitation Functions of V51, Fe56, 65Cu (p,n) Reactions Between 10 and 45 MeV},
journal              = {Il Nuovo Cimento},
year                 = {1974},
volume               = {22},
issue                = {4},
pages                = {547-558},
}

%%##################################################
%% ARTICLE    stoppingdistance
%%##################################################
@ARTICLE{stoppingdistance,
type                 = {ARTICLE},
cite                 = {stoppingdistance},
author               = {M. S. Livingston and H. A. Bethe},
title                = {Nuclear Physics C. Nuclear Dynamics, Experimental},
journal              = {Physical Review},
year                 = {1937},
volume               = {9},
issue                = {3},
pages                = {245-398},
}

%%##################################################
%% ARTICLE    bateman
%%##################################################
@ARTICLE{bateman,
type                 = {ARTICLE},
cite                 = {bateman},
author               = {H. Bateman},
title                = {The solution of a system of differential equations occurring in the theory of radioactive transformations},
journal              = {Proc. Camb. Phil. Soc.},
year                 = {1910},
volume               = {15},
issue                = {},
pages                = {423},
}

%%##################################################
%% ARTICLE    murnaghaneq
%%##################################################
@ARTICLE{murnaghaneq,
type                 = {ARTICLE},
cite                 = {murnaghaneq},
author               = {F. D. Murnaghan},
title                = {The Compressibility of Media Under Extreme Pressures},
journal              = {},
year                 = {1944},
volume               = {},
issue                = {},
pages                = {},
}

%%##################################################
%% ARTICLE    birchmurnaghaneq
%%##################################################
@ARTICLE{birchmurnaghaneq,
type                 = {ARTICLE},
cite                 = {birchmurnaghaneq},
author               = {F. Birch},
title                = {Finite elastic strain of cubic crystals},
journal              = {},
year                 = {1947},
volume               = {},
issue                = {},
pages                = {},
}

%%##################################################
%% ARTICLE    fecrnisystem
%%##################################################
@ARTICLE{fecrnisystem,
type                 = {ARTICLE},
cite                 = {fecrnisystem},
author               = {Pugh JW and Nisbet JD.},
title                = {A study of the iron-chromium-nickel ternary system},
journal              = {J Metals, Trans AIME},
year                 = {1950},
volume               = {},
issue                = {},
pages                = {},
}

%%##################################################
%% ARTICLE    morseparams001
%%##################################################
@ARTICLE{morseparams001,
type                 = {ARTICLE},
cite                 = {morseparams001},
author               = {L. A. Girifalco and V. G. Weizer},
title                = {Application of the Morse potential function to cubic metals},
journal              = {Physics Review},
year                 = {1959},
volume               = {114},
issue                = {},
pages                = {687},
}

%%##################################################
%% ARTICLE    hohenbergkohn
%%##################################################
@ARTICLE{hohenbergkohn,
type                 = {ARTICLE},
cite                 = {hohenbergkohn},
author               = {P. Hohenberg and W. Kohn},
title                = {Inhomogeneous Electron Gas},
journal              = {Physical Review},
year                 = {1964},
volume               = {136},
issue                = {},
pages                = {},
}

%%##################################################
%% ARTICLE    kohnsham
%%##################################################
@ARTICLE{kohnsham,
type                 = {ARTICLE},
cite                 = {kohnsham},
author               = {W. Kohn and L. J. Sham},
title                = {Self-Consistent Equations Including Exchange and Correlation Effects},
journal              = {Physical Review},
year                 = {1965},
volume               = {140},
issue                = {},
pages                = {},
}

%%##################################################
%% ARTICLE    stehfest
%%##################################################
@ARTICLE{stehfest,
type                 = {ARTICLE},
cite                 = {stehfest},
author               = {H. Stehfest},
title                = {Algorithm 368 Numerical Inversion of Laplace Transform},
journal              = {Communications of the ACM},
year                 = {1970},
volume               = {13},
issue                = {},
pages                = {47--49},
}

%%##################################################
%% ARTICLE    elasticmeltingtemp
%%##################################################
@ARTICLE{elasticmeltingtemp,
type                 = {ARTICLE},
cite                 = {elasticmeltingtemp},
author               = {M. E. Fine and L. D. Brown and H. L. Marcus},
title                = {Elastic Constants Versus Melting Temperature in Metals},
journal              = {Scripta Metallurgica},
year                 = {1984},
volume               = {18},
issue                = {},
pages                = {951-956},
}

%%##################################################
%% ARTICLE    dawbaskeseam
%%##################################################
@ARTICLE{dawbaskeseam,
type                 = {ARTICLE},
cite                 = {dawbaskeseam},
author               = {Murray S. Daw and M. I. Baskes},
title                = {Embedded-atom method: Derivation and application to impurities, surfaces and other defects in metals},
journal              = {Physical Review B},
year                 = {1983},
volume               = {29},
issue                = {12},
pages                = {},
}

%%##################################################
%% ARTICLE    kirchheimpassive
%%##################################################
@ARTICLE{kirchheimpassive,
type                 = {ARTICLE},
cite                 = {kirchheimpassive},
author               = {R. Kirchheim and B. Heine and H. Fischmeister and S. Hoffmann and H. Knote and U. Stolz},
title                = {The Passivity of Iron-Chromium Alloys},
journal              = {Corrosion Science},
year                 = {1989},
volume               = {29},
issue                = {7},
pages                = {899-917},
}

%%##################################################
%% ARTICLE    kirchheimcc
%%##################################################
@ARTICLE{kirchheimcc,
type                 = {ARTICLE},
cite                 = {kirchheimcc},
author               = {R. Kirchheim and B. Heine and S. Hoffmann and H. Hofsass},
title                = {Compositional Changes of Passive Films Due To Different Transport Rates and Preferential Dissolution},
journal              = {Corrosion Science},
year                 = {1990},
volume               = {31},
issue                = {},
pages                = {573-578},
}

%%##################################################
%% ARTICLE    pressuredepmehl
%%##################################################
@ARTICLE{pressuredepmehl,
type                 = {ARTICLE},
cite                 = {pressuredepmehl},
author               = {Michael J. Mehl},
title                = {Pressure depenence of the elastic moduli in aluminium-rich Al-Li compounds},
journal              = {Physical Review B},
year                 = {1993},
volume               = {47},
issue                = {5},
pages                = {2493-2500},
}

%%##################################################
%% ARTICLE    forcematchingmethod
%%##################################################
@ARTICLE{forcematchingmethod,
type                 = {ARTICLE},
cite                 = {forcematchingmethod},
author               = {F. Ercolessi and J. B. Adams},
title                = {Interatomic Potentials from First-Principles Calculations: the Force-Matching Method},
journal              = {Europhys. Lett.},
year                 = {1994},
volume               = {26},
issue                = {8},
pages                = {583-588},
}

%%##################################################
%% ARTICLE    shengeam
%%##################################################
@ARTICLE{shengeam,
type                 = {ARTICLE},
cite                 = {shengeam},
author               = {H. W. Sheng and M. J. Kramer and A. Cadien and T. Fujita and M. W. Chen},
title                = {Highly Optimized Embedded-Atom-Method Potentials for Fourteen FCC Metals},
journal              = {Europhys. Lett.},
year                 = {1994},
volume               = {26},
issue                = {8},
pages                = {583-588},
}

%%##################################################
%% ARTICLE    dfttisiravindran
%%##################################################
@ARTICLE{dfttisiravindran,
type                 = {ARTICLE},
cite                 = {dfttisiravindran},
author               = {P. Ravindran and Lars Fast and P. A. Korzhavyi and B. Johansson},
title                = {Density functional theory for calculation of elastic properties of orthorhombic crystals - applications to TiSi2},
journal              = {Journal of Applied Physics},
year                 = {1998},
volume               = {84},
issue                = {9},
pages                = {4891-4904},
}

%%##################################################
%% ARTICLE    semiempiricalpots
%%##################################################
@ARTICLE{semiempiricalpots,
type                 = {ARTICLE},
cite                 = {semiempiricalpots},
author               = {Byeong-Joo Lee and Jae-Hyeok Shim and M. I. Baskes},
title                = {Semiempirical atomic potentials for the fcc metals Cu, Ag, Au, Ni, Pd, Pt, Al, and Pb based on first and second nearest-neighbor modified embedded atom method},
journal              = {Physical Review B},
year                 = {2003},
volume               = {68},
issue                = {},
pages                = {},
}

%%##################################################
%% ARTICLE    femendelev
%%##################################################
@ARTICLE{femendelev,
type                 = {ARTICLE},
cite                 = {femendelev},
author               = {M. I. Mendelev and S. Han and D. J. Srolovitz and G. J. Ackland and D. Y. Sun and M. Asta},
title                = {Development of new interatomic potentials appropriate for crystalline and liquid iron},
journal              = {Philosophical Magazine},
year                 = {2003},
volume               = {83},
issue                = {},
pages                = {3977-3994},
}

%%##################################################
%% ARTICLE    finnissinclair
%%##################################################
@ARTICLE{finnissinclair,
type                 = {ARTICLE},
cite                 = {finnissinclair},
author               = {M. W. Finnis and J. E. Sinclair},
title                = {A simple empirical N-body potential for transition metals},
journal              = {Philosophical Magazine A},
year                 = {1984},
volume               = {50},
issue                = {},
pages                = {},
}

%%##################################################
%% ARTICLE    feacklandmendelev
%%##################################################
@ARTICLE{feacklandmendelev,
type                 = {ARTICLE},
cite                 = {feacklandmendelev},
author               = {G J Ackland and M I Mendelev and D JSrolovitz and S Han and A V Barashev},
title                = {Development of an interatomic potential for phosphorus impurities in alpha-iron},
journal              = {Condensed Matter},
year                 = {2004},
volume               = {16},
issue                = {},
pages                = {},
}

%%##################################################
%% ARTICLE    twobandackland
%%##################################################
@ARTICLE{twobandackland,
type                 = {ARTICLE},
cite                 = {twobandackland},
author               = {Graeme J. Ackland},
title                = {Two-band second moment model for transition metals and alloys},
journal              = {Condensed Materials},
year                 = {2005},
volume               = {},
issue                = {},
pages                = {},
}

%%##################################################
%% ARTICLE    olssonfecr
%%##################################################
@ARTICLE{olssonfecr,
type                 = {ARTICLE},
cite                 = {olssonfecr},
author               = {P. Olsson and J. Wallenius and C. Domain and K. Nordlund and L. Malerba},
title                = {Two-band modelling of alpha prime phase formation in Fe-Cr},
journal              = {Physical Review B},
year                 = {2005},
volume               = {72},
issue                = {},
pages                = {},
}

%%##################################################
%% ARTICLE    nickeldiffusion
%%##################################################
@ARTICLE{nickeldiffusion,
type                 = {ARTICLE},
cite                 = {nickeldiffusion},
author               = {M. Krcmar and C.L. Fu and A. Janotti and R.C. Reed},
title                = {Diffusion rates of 3d transition metal solutes in nickel by first-principles calculations},
journal              = {Acta Materialia},
year                 = {2005},
volume               = {53},
issue                = {},
pages                = {2369-2376},
}

%%##################################################
%% ARTICLE    endfvii
%%##################################################
@ARTICLE{endfvii,
type                 = {ARTICLE},
cite                 = {endfvii},
author               = {M. B. Chadwick and M. Herman},
title                = {ENDF B-VII.0 - Next generation evaluated nuclear data library for nuclear science and technology.},
journal              = {Nucl. Data Sheets},
year                 = {2006},
volume               = {107},
issue                = {},
pages                = {2931},
}

%%##################################################
%% ARTICLE    talys1
%%##################################################
@ARTICLE{talys1,
type                 = {ARTICLE},
cite                 = {talys1},
author               = {A. J. Koning and S. Hilaire and M. C. Duijvestijn},
title                = {TALYS-1.0.},
journal              = {Proceedings of the International Conference on Nuclear Data for Science and Technology},
year                 = {2007},
volume               = {},
issue                = {},
pages                = {211--214},
}

%%##################################################
%% ARTICLE    matplotlib
%%##################################################
@ARTICLE{matplotlib,
type                 = {ARTICLE},
cite                 = {matplotlib},
author               = {J. D. Hunter},
title                = {Matplotlib - A 2D graphics environment},
journal              = {Computing In Science \& Engineering},
year                 = {2007},
volume               = {9},
issue                = {},
pages                = {90-95},
}

%%##################################################
%% ARTICLE    risfecrni
%%##################################################
@ARTICLE{risfecrni,
type                 = {ARTICLE},
cite                 = {risfecrni},
author               = {B. Kombaiah and P.D. Edmondson and Y. Wang and L.A. Boatner and Y. Zhang},
title                = {Mechanisms of radiation-induced segregation around He bubbles in a Fe-Cr-Ni   crystal},
journal              = {Journal of Nuclear Materials},
year                 = {2018},
volume               = {11},
issue                = {},
pages                = {},
}

%%##################################################
%% ARTICLE    risokamoto
%%##################################################
@ARTICLE{risokamoto,
type                 = {ARTICLE},
cite                 = {risokamoto},
author               = {P. R. Okamoto and L. E. Rehn},
title                = {RADIATION-INDUCED SEGREGATION IN BINARY AND TERNARY ALLOYS},
journal              = {Journal of Nuclear Materials},
year                 = {1979},
volume               = {83},
issue                = {},
pages                = {2--23},
}

%%##################################################
%% ARTICLE    fenicrternaryphase
%%##################################################
@ARTICLE{fenicrternaryphase,
type                 = {ARTICLE},
cite                 = {fenicrternaryphase},
author               = {Jian-wei Su and  Dong-ping Huang},
title                = {Phase equilibria of the FeâCrâNi ternary systems and interfacialreactions in FeâCr alloys with Ni substrate},
journal              = {Journal of Alloys and Compounds},
year                 = {2008},
volume               = {457},
issue                = {},
pages                = {270-278},
}

%%##################################################
%% ARTICLE    twobandacklandreed
%%##################################################
@ARTICLE{twobandacklandreed,
type                 = {ARTICLE},
cite                 = {twobandacklandreed},
author               = {Graeme J. Ackland and Stewart K. Reed},
title                = {Two-band second moment model and an interatomic potential for caesium},
journal              = {Condensed Materials},
year                 = {2008},
volume               = {},
issue                = {},
pages                = {},
}

%%##################################################
%% ARTICLE    damagebcciron
%%##################################################
@ARTICLE{damagebcciron,
type                 = {ARTICLE},
cite                 = {damagebcciron},
author               = {Andrew F. Calder and David J. Bacon and Alexander V. Barashev and Yuri N. Osetsky},
title                = {Computer simulation of cascade damage in a-iron with carbon in solution},
journal              = {Journal of Nuclear Materials},
year                 = {2008},
volume               = {},
issue                = {382},
pages                = {91-95},
}

%%##################################################
%% ARTICLE    pkamoldy
%%##################################################
@ARTICLE{pkamoldy,
type                 = {ARTICLE},
cite                 = {pkamoldy},
author               = {},
title                = {Defect production due to displacement cascades in metals as revealed by computer simulation},
journal              = {Journal of Nuclear Materials},
year                 = {1997},
volume               = {251},
issue                = {},
pages                = {1--12},
}

%%##################################################
%% ARTICLE    moxlammpsdamage
%%##################################################
@ARTICLE{moxlammpsdamage,
type                 = {ARTICLE},
cite                 = {moxlammpsdamage},
author               = {Hector Balboa and Laurent Van Brutzel and Alain Chartier and Yann Le Bouar},
title                = {Damage characterization of (U,Pu)O2 under irradiation by molecular dynamics simulations},
journal              = {Journal of Nuclear Materials},
year                 = {2018},
volume               = {512},
issue                = {},
pages                = {440--449},
}

%%##################################################
%% ARTICLE    dlpolyradiationdamage
%%##################################################
@ARTICLE{dlpolyradiationdamage,
type                 = {ARTICLE},
cite                 = {dlpolyradiationdamage},
author               = {K. Trachenko and E. Zarkadoula and I. T. Todorov and M. T. Dove and D. J. Dunstan and K. Nordlund},
title                = {Modeling high-energy radiation damage in nuclear and fusion applications},
journal              = {Nuclear Instruments and Methods in Physics Research B},
year                 = {2012},
volume               = {277},
issue                = {},
pages                = {6--13},
}

%%##################################################
%% ARTICLE    pusputtering
%%##################################################
@ARTICLE{pusputtering,
type                 = {ARTICLE},
cite                 = {pusputtering},
author               = {K. A. Nekrasov and},
title                = {Sputtering of material from the surface of PuO2 crystals by collision cascades impact.  A molecular dynamics study},
journal              = {Journal of Nuclear Materials},
year                 = {2018},
volume               = {512},
issue                = {},
pages                = {440--449},
}

%%##################################################
%% ARTICLE    pkaenergyspectra
%%##################################################
@ARTICLE{pkaenergyspectra,
type                 = {ARTICLE},
cite                 = {pkaenergyspectra},
author               = {M. R. Gilbert and J. Marian and J-Ch. Sublet},
title                = {Energy spectra of primary knock-on atoms under neutron irradiation},
journal              = {Journal of Nuclear Materials},
year                 = {2015},
volume               = {467},
issue                = {},
pages                = {121--134},
}

%%##################################################
%% ARTICLE    marzarivanderbilt
%%##################################################
@ARTICLE{marzarivanderbilt,
type                 = {ARTICLE},
cite                 = {marzarivanderbilt},
author               = {N. Marzari and D. Vanderbilt and A. De Vita and M. C. Payne},
title                = {Thermal Contraction and Disordering of the Al(110) Surface Nicola},
journal              = {Condensed Matter},
year                 = {2008},
volume               = {},
issue                = {110},
pages                = {4-7},
}

%%##################################################
%% ARTICLE    lightwaterallenbusby
%%##################################################
@ARTICLE{lightwaterallenbusby,
type                 = {ARTICLE},
cite                 = {lightwaterallenbusby},
author               = {T.R. Allen and J.T. Busby},
title                = {Radiation damage concerns for extended light water Reactor service},
journal              = {Journal of Materials},
year                 = {2009},
volume               = {61},
issue                = {},
pages                = {29-34},
}

%%##################################################
%% ARTICLE    swellingris
%%##################################################
@ARTICLE{swellingris,
type                 = {ARTICLE},
cite                 = {swellingris},
author               = {T.R. Allen and J. I. Cole and J. Gan and G. S. Was and R. Dropek and E. A. Kenik},
title                = {Swelling and radiation-induced segregation in austentic alloys},
journal              = {Journal of Nuclear Materials},
year                 = {2005},
volume               = {342},
issue                = {},
pages                = {90--100},
}

%%##################################################
%% ARTICLE    molamere
%%##################################################
@ARTICLE{molamere,
type                 = {ARTICLE},
cite                 = {molamere},
author               = {E. Lamere et al},
title                = {Proton-induced reactions on molybdenum},
journal              = {Physical Review, Part C, Nuclear Physics},
year                 = {2019},
volume               = {100},
issue                = {},
pages                = {034614},
}

%%##################################################
%% ARTICLE    moflynn
%%##################################################
@ARTICLE{moflynn,
type                 = {ARTICLE},
cite                 = {moflynn},
author               = {D.S.Flynn and R.L.Hershberger and F.Gabbard},
title                = {Sub-Coulomb proton absorption for isotopes of zirconium and molybdenum},
journal              = {Physical Review, Part C, Nuclear Physics},
year                 = {1979},
volume               = {20},
issue                = {5},
pages                = {1700},
}

%%##################################################
%% ARTICLE    mohogan
%%##################################################
@ARTICLE{mohogan,
type                 = {ARTICLE},
cite                 = {mohogan},
author               = {J.J.Hogan},
title                = {Mo-96(P,XN)Reaction from 10 to 80 MeV},
journal              = {Physical Review, Part C, Nuclear Physics},
year                 = {1972},
volume               = {6},
issue                = {},
pages                = {810},
}

%%##################################################
%% ARTICLE    molevkovski
%%##################################################
@ARTICLE{molevkovski,
type                 = {ARTICLE},
cite                 = {molevkovski},
author               = {V.N.Levkovski},
title                = {Mo-96(P,XN)Reaction from 10 to 80 MeV},
journal              = {Soviet Atomic Energy},
year                 = {1990},
volume               = {69},
issue                = {},
pages                = {773},
}

%%##################################################
%% ARTICLE    damagebcctungsten
%%##################################################
@ARTICLE{damagebcctungsten,
type                 = {ARTICLE},
cite                 = {damagebcctungsten},
author               = {J. Fikar and R. Sch\aublin Ecole},
title                = {Molecular dynamics simulation of radiation damage in bcc tungsten},
journal              = {Journal of Nuclear Materials},
year                 = {2009},
volume               = {},
issue                = {101},
pages                = {97--101},
}

%%##################################################
%% ARTICLE    srim
%%##################################################
@ARTICLE{srim,
type                 = {ARTICLE},
cite                 = {srim},
author               = {James F. Ziegler and M. D. Ziegler and J. P. Biersack},
title                = {SRIM - The stopping and range of ions in matter},
journal              = {Nuclear Instruments and Methods in Physics Research Section B},
year                 = {2010},
volume               = {268},
issue                = {},
pages                = {1818--1823},
}

%%##################################################
%% ARTICLE    scrstainless
%%##################################################
@ARTICLE{scrstainless,
type                 = {ARTICLE},
cite                 = {scrstainless},
author               = {D. W. Saxey and B. J. Connolly and C. Cooper and Y. Huang and C. R. M. Grovenor and G. D. W. Smith and K. Govender and S. B. Lyon and A. H. Sherry and A. R. Fones and A. D. Pratt},
title                = {Understanding Stress Corrosion Resistant Stainless Steels at the Atomic Scale},
journal              = {},
year                 = {2010},
volume               = {},
issue                = {},
pages                = {},
}

%%##################################################
%% ARTICLE    elsy01
%%##################################################
@ARTICLE{elsy01,
type                 = {ARTICLE},
cite                 = {elsy01},
author               = {A. Alemberti and J. Carlsson and E. Malambu and A. Orden and D. Struwe and P. Agostini and S. Monti},
title                = {European lead fast reactor - ELSY},
journal              = {Nuclear Engineering and Design},
year                 = {2011},
volume               = {241},
issue                = {},
pages                = {3470--3480},
}

%%##################################################
%% ARTICLE    bccfenimodel
%%##################################################
@ARTICLE{bccfenimodel,
type                 = {ARTICLE},
cite                 = {bccfenimodel},
author               = {S. Choudhury a and L. Barnard a and J.D. Tucker and T.R. Allen and B.D. Wirth and others},
title                = {Ab-initio based modelling of diffusion in dilute bcc FeâNi and FeâCr alloys and implications for radiation induced segregation},
journal              = {Journal of Materials},
year                 = {2011},
volume               = {411},
issue                = {},
pages                = {1--14},
}

%%##################################################
%% ARTICLE    talys
%%##################################################
@ARTICLE{talys,
type                 = {ARTICLE},
cite                 = {talys},
author               = {D. Rochman and A. J. Koning},
title                = {Modern Nuclear Data Evaluation With The TALYS Code System},
journal              = {Nuclear Data Sheets},
year                 = {2012},
volume               = {113},
issue                = {},
pages                = {},
}

%%##################################################
%% ARTICLE    tungstenfikarschaublin
%%##################################################
@ARTICLE{tungstenfikarschaublin,
type                 = {ARTICLE},
cite                 = {tungstenfikarschaublin},
author               = {J. Fikar and R. SchÃ¤ublin},
title                = {Molecular dynamics simulation of radiation damage in bcc tungsten},
journal              = {Journal of Nuclear Materials},
year                 = {2009},
volume               = {386-388},
issue                = {C},
pages                = {97-101},
}

%%##################################################
%% ARTICLE    stollerdamage1996
%%##################################################
@ARTICLE{stollerdamage1996,
type                 = {ARTICLE},
cite                 = {stollerdamage1996},
author               = {R. E. Stoller},
title                = {Primary Damage Formation in Irradiated Materials},
journal              = {Journal of Metals},
year                 = {1996},
volume               = {48},
issue                = {12},
pages                = {23-27},
}

%%##################################################
%% ARTICLE    jfannett1996
%%##################################################
@ARTICLE{jfannett1996,
type                 = {ARTICLE},
cite                 = {jfannett1996},
author               = {J. F. Annett},
title                = {Efficiency of algorithms for Kohn-Sham density functional theory},
journal              = {Computational Materials Science},
year                 = {1995},
volume               = {4},
issue                = {},
pages                = {23-42},
}

%%##################################################
%% ARTICLE    moprotection
%%##################################################
@ARTICLE{moprotection,
type                 = {ARTICLE},
cite                 = {moprotection},
author               = {V. Maurice and H. Peng and L. H. Klein and A. Seyeux and},
title                = {Effects of molybdenum on the composition and nanoscale morphology of passivated austenitic stainless steel surfaces},
journal              = {Faraday Discussions},
year                 = {2015},
volume               = {180},
issue                = {},
pages                = {151-170},
}

%%##################################################
%% ARTICLE    methfesslpaxton
%%##################################################
@ARTICLE{methfesslpaxton,
type                 = {ARTICLE},
cite                 = {methfesslpaxton},
author               = {M. Methfessel and A. T. Paxton},
title                = {High-precision sampling for Brillouin-zone integration in metals},
journal              = {Physical Review B},
year                 = {1989},
volume               = {40},
issue                = {6},
pages                = {3616-3621},
}

%%##################################################
%% ARTICLE    pbrommer
%%##################################################
@ARTICLE{pbrommer,
type                 = {ARTICLE},
cite                 = {pbrommer},
author               = {P. Brommer and F. G\"{a}hler},
title                = {Potfit: effective potentials from ab initio data},
journal              = {Modelling Simul. Mater. Sci. Eng.},
year                 = {2007},
volume               = {15},
issue                = {},
pages                = {295--304},
}

%%##################################################
%% ARTICLE    hydrogenhtr
%%##################################################
@ARTICLE{hydrogenhtr,
type                 = {ARTICLE},
cite                 = {hydrogenhtr},
author               = {Sangeeta Deokattey and K. Bhanumurthy and P. K. Vijayan and I. V. Dulera},
title                = {Hydrogen production using high temperature reactors: an overview},
journal              = {Advances in Energy Research},
year                 = {2013},
volume               = {1},
issue                = {1},
pages                = {013-033},
}

%%##################################################
%% ARTICLE    chargesloshing2
%%##################################################
@ARTICLE{chargesloshing2,
type                 = {ARTICLE},
cite                 = {chargesloshing2},
author               = {G. Kresse and J. FurthmÃ¼ller},
title                = {Efficient iterative schemes for ab initio total-energy calculations using a plane-wave basis set},
journal              = {Physical Review B},
year                 = {1996},
volume               = {54},
issue                = {16},
pages                = {},
}

%%##################################################
%% ARTICLE    localtfraczkowski
%%##################################################
@ARTICLE{localtfraczkowski,
type                 = {ARTICLE},
cite                 = {localtfraczkowski},
author               = {D. Raczkowski and A. Canning and L. W. Wang},
title                = {Thomas-Fermi charge mixing for obtaining self-consistency in density functional calculations},
journal              = {Physical Review B},
year                 = {2001},
volume               = {64},
issue                = {},
pages                = {},
}

%%##################################################
%% ARTICLE    thomasfermijohnson
%%##################################################
@ARTICLE{thomasfermijohnson,
type                 = {ARTICLE},
cite                 = {thomasfermijohnson},
author               = {D. D. Johnson},
title                = {Modified Broydens method for accelerating convergence in self-consistent calculations},
journal              = {Physical Review B},
year                 = {1988},
volume               = {38},
issue                = {18},
pages                = {},
}

%%##################################################
%% ARTICLE    janis4
%%##################################################
@ARTICLE{janis4,
type                 = {ARTICLE},
cite                 = {janis4},
author               = {N. Soppera and M. Bossant and E. Dupont},
title                = {JANIS 4 - An Improved Version of the NEA Java-based Nuclear Data Information System},
journal              = {Nuclear Data Sheets},
year                 = {2014},
volume               = {120},
issue                = {},
pages                = {294--296},
}

%%##################################################
%% ARTICLE    jamal2014
%%##################################################
@ARTICLE{jamal2014,
type                 = {ARTICLE},
cite                 = {jamal2014},
author               = {M Jamal and Jalali Asadabadi and Iftikhar Ahmad and Rahnamaye Aliabad},
title                = {Elastic constants of cubic crystals},
journal              = {Computational Materials Science},
year                 = {2014},
pages                = {592-599},
url                  = {http://dx.doi.org/10.1016/j.commatsci.2014.08.027},
}

%%##################################################
%% ARTICLE    bzsampling
%%##################################################
@ARTICLE{bzsampling,
type                 = {ARTICLE},
cite                 = {bzsampling},
author               = {Alessandro Genova and Michele Pavanello},
title                = {Exploiting the Locality of Periodic Subsystem Density-Functional Theory: Efficient Sampling of the Brillouin Zone},
journal              = {J. Phys.: Condens. Matter},
year                 = {2015},
volume               = {27},
pages                = {495-501},
url                  = {https://iopscience.iop.org/article/10.1088/0953-8984/27/49/495501/ampdf},
}

%%##################################################
%% ARTICLE    ghoshstability
%%##################################################
@ARTICLE{ghoshstability,
type                 = {ARTICLE},
cite                 = {ghoshstability},
author               = {G. Ghosh},
title                = {A first-principles study of cementite (Fe3C) and its alloyed counterparts: Elastic constants, elastic anisotropies, and isotropic elastic moduli},
journal              = {AIP Advances},
year                 = {2015},
volume               = {5},
issue                = {},
pages                = {},
}

%%##################################################
%% ARTICLE    cuandpd
%%##################################################
@ARTICLE{cuandpd,
type                 = {ARTICLE},
cite                 = {cuandpd},
author               = {A. Choudhary and L. Malakkal and R. K. Siripurapu},
title                = {First principles calculations of hydrogen storage on Cu and Pd-decorated graphene},
journal              = {International Journal of Hydrogen Energy},
year                 = {2016},
volume               = {41},
issue                = {},
pages                = {17652-17656},
}

%%##################################################
%% ARTICLE    marwickris
%%##################################################
@ARTICLE{marwickris,
type                 = {ARTICLE},
cite                 = {marwickris},
author               = {A D Marwick},
title                = {Segregation in irradiated alloys: The Inverse Kirkendall Effect and the effect of constitution on void swelling},
journal              = {J. Phys. F: Met. Phys},
year                 = {1978},
volume               = {8},
issue                = {},
pages                = {1849--1862},
}

%%##################################################
%% ARTICLE    johnstonris
%%##################################################
@ARTICLE{johnstonris,
type                 = {ARTICLE},
cite                 = {johnstonris},
author               = {W G Johnston and W G Morris and A M Turkalo},
title                = {Proc. Int. Con. on Radiation Effects in Breeder Reacror Structural Materials},
journal              = {Metall. Soc. AIME},
year                 = {1977},
volume               = {},
issue                = {},
pages                = {421},
}

%%##################################################
%% ARTICLE    scbiandybi
%%##################################################
@ARTICLE{scbiandybi,
type                 = {ARTICLE},
cite                 = {scbiandybi},
author               = {N. Acharya and S. P. Sanyal},
title                = {Structural phase transition, electronic and superconducting properties of ScBi and YBi},
journal              = {Solid State Communications},
year                 = {2017},
volume               = {266},
issue                = {},
pages                = {39-45},
}

%%##################################################
%% ARTICLE    echeusleralloy
%%##################################################
@ARTICLE{echeusleralloy,
type                 = {ARTICLE},
cite                 = {echeusleralloy},
author               = {O. E. Osafile and P. O. Adebambo and G. A. Adebayo},
title                = {Elastic constants and observed ferromagnetism in inverse Heusler alloy Ti2CoAs using kjpaw pseudopotentials - A first-principles approach},
journal              = {Journal of Alloys and Compounds},
year                 = {2017},
volume               = {722},
issue                = {},
pages                = {207-211},
}

%%##################################################
%% ARTICLE    fulijohanssonzhao
%%##################################################
@ARTICLE{fulijohanssonzhao,
type                 = {ARTICLE},
cite                 = {fulijohanssonzhao},
author               = {J. Fu and X. Li and B. Johansson and J. Zhao},
title                = {Improved Finnis-Sinclair potential for vanadium-rich V-Ti-Cr ternary alloys},
journal              = {Journal of Alloys and Compounds},
year                 = {2017},
volume               = {705},
issue                = {},
pages                = {369-375},
}

%%##################################################
%% ARTICLE    proptial
%%##################################################
@ARTICLE{proptial,
type                 = {ARTICLE},
cite                 = {proptial},
author               = {Y. Wen and L. Wang and H. Liu and L. Song},
title                = {Ab Initio Study of the Elastic and Mechanical Properties of B19 TiAl},
journal              = {Crystals},
year                 = {2017},
volume               = {7},
issue                = {39},
pages                = {1-11},
}

%%##################################################
%% ARTICLE    quantumespresso
%%##################################################
@ARTICLE{quantumespresso,
type                 = {ARTICLE},
cite                 = {quantumespresso},
author               = {P Giannozzi and O Andreussi and T Brumme and O Bunau and M Buongiorno Nardelli and others},
title                = {Quantum Espresso},
journal              = {J Phys Condens Matter},
year                 = {2017},
volume               = {29},
issue                = {},
pages                = {},
}

%%##################################################
%% ARTICLE    tungstenmd
%%##################################################
@ARTICLE{tungstenmd,
type                 = {ARTICLE},
cite                 = {tungstenmd},
author               = {Min Li and Qing Hou and Jiechao Cui and Baoqin Fu},
title                = {Molecular dynamics simulations of tungsten bombardments on tungsten},
journal              = {Nuclear Inst. and Methods in Physics Research B},
year                 = {2018},
volume               = {},
issue                = {},
pages                = {In Press},
}

%%##################################################
%% ARTICLE    corrosionalloysmfs
%%##################################################
@ARTICLE{corrosionalloysmfs,
type                 = {ARTICLE},
cite                 = {corrosionalloysmfs},
author               = {G. Zheng and K. Sridharan},
title                = {Corrosion of Structural Alloys in High-Temperature Molten Fluoride Salts for Applications in Molten Salt Reactors},
journal              = {Journal of Materials},
year                 = {2018},
volume               = {70},
issue                = {8},
pages                = {1535-1541},
}

%%##################################################
%% ARTICLE    buckpot
%%##################################################
@ARTICLE{buckpot,
type                 = {ARTICLE},
cite                 = {buckpot},
author               = {Christopher M. Mauney and Davide Lazzati},
title                = {The formation of astrophysical Mg-rich silicate dust},
journal              = {Molecular Astrophysics},
year                 = {2018},
volume               = {12},
issue                = {March},
pages                = {1-9},
}

%%##################################################
%% ARTICLE    bonnyfecr
%%##################################################
@ARTICLE{bonnyfecr,
type                 = {ARTICLE},
cite                 = {bonnyfecr},
author               = {G. Bonny and R.C. Pasianotbcd and D. Terentyeva and L. Malerba},
title                = {Iron chromium potential to model high-chromium ferritic alloys},
journal              = {Philosophical Magazine},
year                 = {2011},
volume               = {91},
issue                = {April},
pages                = {1724--1746},
}

%%##################################################
%% ARTICLE    agrigscc
%%##################################################
@ARTICLE{agrigscc,
type                 = {ARTICLE},
cite                 = {agrigscc},
author               = {Guy O.H. Whillock and Brian J. Hands 1 and Tom P. Majchrowski 2 and David I. Hambley},
title                = {Investigation of thermally sensitised stainless steels as analogues for spent AGR fuel cladding to test a corrosion inhibitor for intergranular stress corrosion cracking},
journal              = {Journal of Nuclear Materials journal},
year                 = {2018},
volume               = {},
issue                = {498},
pages                = {187-198},
}

%%##################################################
%% ARTICLE    perdewsimplemetals
%%##################################################
@ARTICLE{perdewsimplemetals,
type                 = {ARTICLE},
cite                 = {perdewsimplemetals},
author               = {John P Perdew},
title                = {Simple Theories for Simple Metals: Face-Dependent Surface Energies and Work Functions},
journal              = {Progress in Surface Science},
year                 = {1995},
volume               = {48},
issue                = {1-4},
pages                = {},
}

%%##################################################
%% ARTICLE    ldaggaperdew
%%##################################################
@ARTICLE{ldaggaperdew,
type                 = {ARTICLE},
cite                 = {ldaggaperdew},
author               = {P. Ziesche and S. Jurth and J. P. Perdew},
title                = {Density functionals from LDA to GGA},
journal              = {Computational Materials Science 11},
year                 = {1998},
volume               = {11},
issue                = {},
pages                = {122-127},
}

%%##################################################
%% ARTICLE    perdewggamadesimple
%%##################################################
@ARTICLE{perdewggamadesimple,
type                 = {ARTICLE},
cite                 = {perdewggamadesimple},
author               = {John P Perdew and Kieron Burke and Matthias Ernzerhof},
title                = {Generalized Gradient Approximation Made Simple},
journal              = {Physical Review Letters},
year                 = {1996},
volume               = {77},
issue                = {18},
pages                = {3865-3868},
}

%%##################################################
%% ARTICLE    perdewggabackwardforward
%%##################################################
@ARTICLE{perdewggabackwardforward,
type                 = {ARTICLE},
cite                 = {perdewggabackwardforward},
author               = {John P Perdew},
title                = {Generalized Gradient Approximations for exchange and correlation: A look backward and forward},
journal              = {Physica B},
year                 = {1991},
volume               = {172},
issue                = {},
pages                = {1-6},
}

%%##################################################
%% ARTICLE    perdewwang
%%##################################################
@ARTICLE{perdewwang,
type                 = {ARTICLE},
cite                 = {perdewwang},
author               = {J. P. Perdew and Y. Wang},
title                = {Accurate and simple analytic representation of the electron-gas correlation energy},
journal              = {Physical Review B},
year                 = {1992},
volume               = {45},
issue                = {23},
pages                = {244-249},
}

%%##################################################
%% ARTICLE    laalo3gga
%%##################################################
@ARTICLE{laalo3gga,
type                 = {ARTICLE},
cite                 = {laalo3gga},
author               = {M R Benam and N Abdoshahi and M Majidiyan Sarmazdeh},
title                = {Ab initio study of the effect of pressure on the structural and electronic properties of cubic LaAl03 byt density function theory using GGA, LDA and PBESOL exchange correlation potentials},
journal              = {Physica B},
year                 = {2014},
volume               = {446},
issue                = {},
pages                = {32-38},
}

%%##################################################
%% ARTICLE    elasticprofecr
%%##################################################
@ARTICLE{elasticprofecr,
type                 = {ARTICLE},
cite                 = {elasticprofecr},
author               = {Yuchen Dou and Hong Luo and Jing Zhang},
title                = {Elastic Properties of FeCr20Ni8Xn (X = Mo, Nb, Ta, Ti, V, W and Zr) Austenitic Stainless Steels: A First Principles Study},
journal              = {Metals},
year                 = {2019},
volume               = {9},
issue                = {145},
pages                = {},
}

%%##################################################
%% ARTICLE    iascckenikjonesbell
%%##################################################
@ARTICLE{iascckenikjonesbell,
type                 = {ARTICLE},
cite                 = {iascckenikjonesbell},
author               = {Edward Kenik and R H Jones and G E C Bell},
title                = {Irradiation-assisted stress corrosion cracking},
journal              = {Journal of Nuclear Materials},
year                 = {1994},
volume               = {},
issue                = {212-215},
pages                = {52-59},
}

%%##################################################
%% ARTICLE    surfaceenergy
%%##################################################
@ARTICLE{surfaceenergy,
type                 = {ARTICLE},
cite                 = {surfaceenergy},
author               = {X. Tian et al.},
title                = {A DFT based method for calculating the surface energies of asymmetric MoP facets},
journal              = {Applied Surface Science},
year                 = {2018},
volume               = {427},
issue                = {},
pages                = {357-365},
}

%%##################################################
%% ARTICLE    tendl2009
%%##################################################
@ARTICLE{tendl2009,
type                 = {ARTICLE},
cite                 = {tendl2009},
author               = {A.J. Koning and D. Rochman},
title                = {TENDL: Comprehensive Nuclear Data Library with Covariances},
journal              = {},
year                 = {2010},
volume               = {},
issue                = {},
pages                = {},
}

%%##################################################
%% ARTICLE    tendl2017
%%##################################################
@ARTICLE{tendl2017,
type                 = {ARTICLE},
cite                 = {tendl2017},
author               = {A.J. Koning and D. Rochman and J. Sublet},
title                = {TENDL: Comprehensive Nuclear Data Library with Covariances},
journal              = {},
year                 = {2017},
volume               = {},
issue                = {},
pages                = {},
}

%%##################################################
%% ARTICLE    tendl2019
%%##################################################
@ARTICLE{tendl2019,
type                 = {ARTICLE},
cite                 = {tendl2019},
author               = {A.J. Koning and D. Rochman and J. Sublet and N. Dzysiuk and M. Fleming and others},
title                = {TENDL: Complete Nuclear Data Library for Innovative Nuclear Science and Technology},
journal              = {Nuclear Data Sheets},
year                 = {2019},
volume               = {155},
issue                = {},
pages                = {},
}

%%##################################################
%% ARTICLE    paynedftreview
%%##################################################
@ARTICLE{paynedftreview,
type                 = {ARTICLE},
cite                 = {paynedftreview},
author               = {M. C. Payne and M. P. Teter and D. C. Ailan and T. A. Arias and J. D. Joannopouios},
title                = {Iterative minimization techniques for ab initio total-energy calculations: molecular dynamics and conjugate gradients},
journal              = {REVIEWS OF MODERN PHYSICS},
year                 = {1992},
volume               = {64},
issue                = {},
pages                = {},
}

%%##################################################
%% ARTICLE    adsorptionbr2
%%##################################################
@ARTICLE{adsorptionbr2,
type                 = {ARTICLE},
cite                 = {adsorptionbr2},
author               = {A. L. Okana-Lomanga and B. R. Malonda-Boungou and G. Dimitri Ngantso and A. T. Raji},
title                = {Adsorption of Br2 molecule on the Fe W(110) substrate - Energetics, electronic and magnetic properties},
journal              = {Computational Condensed Matter},
year                 = {2020},
volume               = {23},
issue                = {},
pages                = {},
}

%%##################################################
%% ARTICLE    radionuclides
%%##################################################
@ARTICLE{radionuclides,
type                 = {ARTICLE},
cite                 = {radionuclides},
author               = {J. Rodenas and G. Verdu},
title                = {Analysis of nuclear reactions to determine the radionuclides generated and its activity in various devices},
journal              = {Radiation Physics and Chemistry},
year                 = {2020},
volume               = {167},
issue                = {},
pages                = {1-6},
}

%%##################################################
%% ARTICLE    scalediagram
%%##################################################
@ARTICLE{scalediagram,
type                 = {ARTICLE},
cite                 = {scalediagram},
author               = {Roger Rousseau and Vassiliki-Alexandra Glezakou and Annabella Selloni},
title                = {Theoretical insights into the surface physics and chemistry of redox-active oxides},
journal              = {Nature Reviews Materials},
year                 = {2020},
volume               = {},
issue                = {5},
pages                = {460-475},
url                  = {https://www.nature.com/articles/s41578-020-0198-9?proof},
}

%%##################################################
%% ARTICLE    potgieter1990a
%%##################################################
@ARTICLE{potgieter1990a,
type                 = {ARTICLE},
cite                 = {potgieter1990a},
author               = {J. H. Potgieter and A. M. Heyns and W. Skinner},
title                = {Cathodic modification as a means of improving the corrosion resistance of alloys},
journal              = {Journal of Applied Electrochemistry},
year                 = {1990},
volume               = {20},
issue                = {},
pages                = {711--715},
}

%%##################################################
%% ARTICLE    potgieter1990b
%%##################################################
@ARTICLE{potgieter1990b,
type                 = {ARTICLE},
cite                 = {potgieter1990b},
author               = {J. H. Potgieter},
title                = {Alloys cathodically modified with noble metals},
journal              = {Journal of Applied Electrochemistry},
year                 = {1991},
volume               = {21},
issue                = {28},
pages                = {471--482},
}

%%##################################################
%% ARTICLE    potgieter1994
%%##################################################
@ARTICLE{potgieter1994,
type                 = {ARTICLE},
cite                 = {potgieter1994},
author               = {J. H. Potgieter and A. Van Benekom},
title                = {The effect of varying ruthenium content on the corrosion behavior of two cathodically modified superferritic stainless steels},
journal              = {Canadian Metallurgical Quarterly},
year                 = {1994},
volume               = {34},
issue                = {2},
pages                = {143--146},
}

%%##################################################
%% ARTICLE    noblemetalchemical
%%##################################################
@ARTICLE{noblemetalchemical,
type                 = {ARTICLE},
cite                 = {noblemetalchemical},
author               = {Pascal V. Grundler and Stefan Ritter},
title                = {Nobel Metal Chemical Addition for Mitigation of Stress Corrosion Cracking: Theoretical Insights and Applications},
journal              = {PPChem},
year                 = {2014},
volume               = {},
issue                = {},
pages                = {76--93},
}

%%##################################################
%% ARTICLE    exforco55
%%##################################################
@ARTICLE{exforco55,
type                 = {ARTICLE},
cite                 = {exforco55},
author               = {M.C.Lagunas-Solar and J.A.Jungerman},
title                = {Cyclotron production of carrier-free cobalt-55.a new positron-emitting label for bleomycin},
journal              = {Applied Radiation and Isotopes},
year                 = {1979},
volume               = {30},
issue                = {},
pages                = {25},
}

%%##################################################
%% ARTICLE    vonneumannrngquote
%%##################################################
@ARTICLE{vonneumannrngquote,
type                 = {ARTICLE},
cite                 = {vonneumannrngquote},
author               = {},
}

%%##################################################
%% ARTICLE    fecumalerba
%%##################################################
@ARTICLE{fecumalerba,
type                 = {ARTICLE},
cite                 = {fecumalerba},
author               = {R. C. Pasianot and L. Malerba},
title                = {Interatomic potentials consistent with thermodynamics: The Fe-Cu system},
journal              = {Journal of Nuclear Materials},
year                 = {2007},
volume               = {360},
issue                = {},
pages                = {118-127},
}

%%##################################################
%% ARTICLE    orthonisi
%%##################################################
@ARTICLE{orthonisi,
type                 = {ARTICLE},
cite                 = {orthonisi},
author               = {D. Connetable and O. Thomas},
title                = {First-principles study of the structural, electronic, vibrational and elastic properties of orthorhombic NiSi},
journal              = {Physical Review B},
year                 = {2009},
volume               = {79},
issue                = {},
pages                = {},
}

%%##################################################
%% ARTICLE    ecforhcp
%%##################################################
@ARTICLE{ecforhcp,
type                 = {ARTICLE},
cite                 = {ecforhcp},
author               = {Gerd Steinle-Neumann and Lars Strixrude and Ronald E Cohen},
title                = {First-Principles Elastic Constants for the hcp Transition Metals Fe, Co and Re at High Pressure},
journal              = {},
year                 = {2008},
volume               = {},
issue                = {},
pages                = {},
}

%%##################################################
%% ARTICLE    strucpropmehl
%%##################################################
@ARTICLE{strucpropmehl,
type                 = {ARTICLE},
cite                 = {strucpropmehl},
author               = {M. J. Mehl and J. E. Osburn and D. A. Papaconstantopoulos and B. M. Klein},
title                = {Structural properties of ordered high-melting-temperature intermetallic alloys from first-principles total-energy calculations},
journal              = {Physical Review B},
year                 = {1990},
volume               = {41},
issue                = {15},
pages                = {311-323},
}

%%##################################################
%% ARTICLE    ecorthoptsi
%%##################################################
@ARTICLE{ecorthoptsi,
type                 = {ARTICLE},
cite                 = {ecorthoptsi},
author               = {Gus L W Hart and O Beckstein and J E Klepeis O Pankratov},
title                = {First-principles elastic constants and electronic structure of alpha Pt2Si and PtSi},
journal              = {Physical Review B},
year                 = {2000},
volume               = {63},
issue                = {},
pages                = {1-12},
}

%%##################################################
%% ARTICLE    ipbonny
%%##################################################
@ARTICLE{ipbonny,
type                 = {ARTICLE},
cite                 = {ipbonny},
author               = {G. Bonny and R. C. Pasianot and L. Malerba},
title                = {Interatomic potentials for alloys: Fitting concentration dependent properties},
journal              = {Philosophical Magazine},
year                 = {2009},
volume               = {89},
issue                = {8},
pages                = {711-725},
}

%%##################################################
%% ARTICLE    mehlsp
%%##################################################
@ARTICLE{mehlsp,
type                 = {ARTICLE},
cite                 = {mehlsp},
author               = {M. J. Mehl and D. J. Singh and D. A. Papaconstantopoulos},
title                = {Properties of ordered intermetallic alloys: first-principles and approximate methods},
journal              = {Materials Science and Engineering},
year                 = {1993},
volume               = {},
issue                = {},
pages                = {49-57},
}

%%##################################################
%% ARTICLE    mishinnial
%%##################################################
@ARTICLE{mishinnial,
type                 = {ARTICLE},
cite                 = {mishinnial},
author               = {Y. Mishin},
title                = {Atomistic modeling of the gamma and gamma prime phases of the Ni-Al system},
journal              = {Acta Materialia},
year                 = {2004},
volume               = {52},
issue                = {},
pages                = {1451-1467},
}

%%##################################################
%% ARTICLE    rosevinet
%%##################################################
@ARTICLE{rosevinet,
type                 = {ARTICLE},
cite                 = {rosevinet},
author               = {Pascal Vinet and James H Rose and John Ferrante and John R Smith},
title                = {Universal features of the equation of state of solids},
journal              = {Journal of Physics Condensed Matter 1},
year                 = {1989},
volume               = {},
issue                = {},
pages                = {1941-1963},
}

%%##################################################
%% ARTICLE    bonnywre
%%##################################################
@ARTICLE{bonnywre,
type                 = {ARTICLE},
cite                 = {bonnywre},
author               = {G. Bonny and A. Bakaev and D. Terentyev},
title                = {Interatomic potential to study plastic deformation in tungsten-rhenium alloys},
journal              = {Journal of Applied Physics},
year                 = {2017},
volume               = {121},
issue                = {165107},
pages                = {1-13},
}

%%##################################################
%% ARTICLE    hepburnfec
%%##################################################
@ARTICLE{hepburnfec,
type                 = {ARTICLE},
cite                 = {hepburnfec},
author               = {Derek J Hepburn and Graeme J Ackland},
title                = {Metallic-covalent interatomic potential for carbon in iron},
journal              = {Physical Review B},
year                 = {2008},
volume               = {78},
issue                = {165115},
pages                = {1-6},
}

%%##################################################
%% ARTICLE    acklandtbm
%%##################################################
@ARTICLE{acklandtbm,
type                 = {ARTICLE},
cite                 = {acklandtbm},
author               = {G J Ackland and M W Finnis and V Vitek},
title                = {Validity of the second moment tight-binding model},
journal              = {J. Phys. F. Met. Phys},
year                 = {1988},
volume               = {18},
issue                = {L153},
pages                = {},
}

%%##################################################
%% ARTICLE    mendelevruau
%%##################################################
@ARTICLE{mendelevruau,
type                 = {ARTICLE},
cite                 = {mendelevruau},
author               = {Andrea Fortini and Mikhail I Mendelev and Sergey Buldyrev et al},
title                = {Asperity contacts at the nanoscale: Comparison of Ru and Au},
journal              = {J. Appl. Phys.},
year                 = {2008},
volume               = {104},
issue                = {074320},
pages                = {1-9},
}

%%##################################################
%% BOOK    convsteelooc
%%##################################################
@BOOK{convsteelooc,
type                 = {BOOK},
cite                 = {convsteelooc},
author               = {F. Dalle and M. Blat-Yrieix and S. Dubiez-Le Goff and C. Cabet and P. Dubuisson},
title                = {Conventional austenitic steels as out-of-core materials for Generation IV nuclear reactors},
journal              = {},
year                 = {},
volume               = {},
issue                = {},
pages                = {},
}

%%##################################################
%% BOOK    medicalmetals133
%%##################################################
@BOOK{medicalmetals133,
type                 = {BOOK},
cite                 = {medicalmetals133},
author               = {Jeremy L. Gilber},
title                = {Metals - Basic Principles},
journal              = {},
year                 = {},
volume               = {},
issue                = {},
pages                = {},
}

%%##################################################
%% BOOK    elasticpropertiesmehl
%%##################################################
@BOOK{elasticpropertiesmehl,
type                 = {BOOK},
cite                 = {elasticpropertiesmehl},
author               = {M. J. Mehl and B. M. Klein and D. A. Papaconstantopoulos},
title                = {First Principles Calculations of Elastic Properties of Metals},
journal              = {},
year                 = {1994},
volume               = {},
issue                = {},
pages                = {},
}

%%##################################################
%% BOOK    leachmanneutrons
%%##################################################
@BOOK{leachmanneutrons,
type                 = {BOOK},
cite                 = {leachmanneutrons},
author               = {R. B. Leachman},
title                = {Peaceful Uses of Atomic Energy},
journal              = {},
year                 = {1956},
volume               = {2},
issue                = {},
pages                = {193},
}

%%##################################################
%% BOOK    mmfpe
%%##################################################
@BOOK{mmfpe,
type                 = {BOOK},
cite                 = {mmfpe},
author               = {K. F. Riley and M. P. Hobson and S. J. Bence},
title                = {Mathematical Methods for Physics and Engineering},
journal              = {},
year                 = {2007},
volume               = {},
issue                = {},
pages                = {},
}

%%##################################################
%% BOOK    njcarron
%%##################################################
@BOOK{njcarron,
type                 = {BOOK},
cite                 = {njcarron},
author               = {N J Carron},
title                = {An Introduction to the Passage of Energetic Particles through Matter},
journal              = {},
year                 = {2007},
volume               = {},
issue                = {},
pages                = {},
}

%%##################################################
%% BOOK    gswas
%%##################################################
@BOOK{gswas,
type                 = {BOOK},
cite                 = {gswas},
author               = {G. S. Was},
title                = {Fundamentals of Radiation Materials Science},
journal              = {},
year                 = {2007},
volume               = {},
issue                = {},
pages                = {},
}

%%##################################################
%% BOOK    gswasike
%%##################################################
@BOOK{gswasike,
type                 = {BOOK},
cite                 = {gswasike},
author               = {G. S. Was},
title                = {Fundamentals of Radiation Materials Science},
journal              = {},
year                 = {2007},
volume               = {},
issue                = {},
pages                = {183},
}

%%##################################################
%% BOOK    gswasiascc
%%##################################################
@BOOK{gswasiascc,
type                 = {BOOK},
cite                 = {gswasiascc},
author               = {G. S. Was},
title                = {Fundamentals of Radiation Materials Science},
journal              = {},
year                 = {2007},
volume               = {},
issue                = {},
pages                = {765},
}

%%##################################################
%% BOOK    jeff311
%%##################################################
@BOOK{jeff311,
type                 = {BOOK},
cite                 = {jeff311},
author               = {A. Santamarina and D. Bernard and P. Blaise and M. Coste and A. Courcelle and T.D. Huynh and C. Jouanne and P. Leconte and O. Litaize and S. Mengelle and G. NoguÃ¨re and J-M. RuggiÃ©ri and O. SÃ©rot and J. Tommasi and C. Vaglio and J-F. Vidal},
title                = {The JEFF-3.1.1 Nuclear Data Library},
journal              = {},
year                 = {2009},
volume               = {},
issue                = {},
pages                = {},
}

%%##################################################
%% BOOK    propaustenitic
%%##################################################
@BOOK{propaustenitic,
type                 = {BOOK},
cite                 = {propaustenitic},
author               = {P. J. Maziasz and  M. Le Flem},
title                = {Properties of Austenitic Steels for Nuclear Reactor Applications},
journal              = {Comprehensive Nuclear Materials},
year                 = {2012},
volume               = {2},
issue                = {},
pages                = {303-318},
}

%%##################################################
%% BOOK    gknollattenuation
%%##################################################
@BOOK{gknollattenuation,
type                 = {BOOK},
cite                 = {gknollattenuation},
author               = {G. F. Knoll},
title                = {Radiation Detection and Measurement Third Edition},
journal              = {},
year                 = {1999},
volume               = {},
issue                = {},
pages                = {53--54},
}

%%##################################################
%% BOOK    msrcorrosion
%%##################################################
@BOOK{msrcorrosion,
type                 = {BOOK},
cite                 = {msrcorrosion},
author               = {V. Ignatiev and A. Surenkov},
title                = {Corrosion phenomena induced by molten salts in Generation IV nuclear reactors},
journal              = {Structural Materials for Generation IV Nuclear Reactors},
year                 = {2017},
volume               = {},
issue                = {},
pages                = {166},
}

%%##################################################
%% BOOK    geniiiplussafety
%%##################################################
@BOOK{geniiiplussafety,
type                 = {BOOK},
cite                 = {geniiiplussafety},
author               = {Thomas W. Kerlin and Belle R. Upadhyaya},
title                = {Dynamics and Control of Nuclear Reactors},
journal              = {Nuclear reactor designs},
year                 = {2019},
volume               = {2},
issue                = {},
pages                = {},
}

%%##################################################
%% BOOK    pionexchange
%%##################################################
@BOOK{pionexchange,
type                 = {BOOK},
cite                 = {pionexchange},
author               = {James Byrne},
title                = {Neutrons, Nuclei \& Matter},
journal              = {},
year                 = {2011},
volume               = {},
issue                = {},
pages                = {161},
}

%%##################################################
%% BOOK    marzarithesis1
%%##################################################
@BOOK{marzarithesis1,
type                 = {BOOK},
cite                 = {marzarithesis1},
author               = {N. Marzari},
title                = {Ab-initio Molecular Dynamics for Metallic Systems},
journal              = {},
year                 = {1996},
volume               = {},
issue                = {},
pages                = {77},
}

%%##################################################
%% BOOK    marzarithesis2
%%##################################################
@BOOK{marzarithesis2,
type                 = {BOOK},
cite                 = {marzarithesis2},
author               = {N. Marzari},
title                = {Ab-initio Molecular Dynamics for Metallic Systems},
journal              = {},
year                 = {1996},
volume               = {},
issue                = {},
pages                = {136},
}

%%##################################################
%% BOOK    johnhewett
%%##################################################
@BOOK{johnhewett,
type                 = {BOOK},
cite                 = {johnhewett},
author               = {J. Hewett},
title                = {Use of the University of Birminghamâs Scanditronix MC40 Cyclotron for Materials Irradiation Damage Studies},
journal              = {},
year                 = {2011},
volume               = {},
issue                = {},
pages                = {},
}

%%##################################################
%% BOOK    hjonesfermi
%%##################################################
@BOOK{hjonesfermi,
type                 = {BOOK},
cite                 = {hjonesfermi},
author               = {Harry Jones},
title                = {The Theory of Brillouin Zones and Electronic States in Crystals},
journal              = {},
year                 = {1960},
volume               = {},
issue                = {},
pages                = {48},
}

%%##################################################
%% BOOK    dftgupta1
%%##################################################
@BOOK{dftgupta1,
type                 = {BOOK},
cite                 = {dftgupta1},
author               = {V.P. Gupta},
title                = {PRINCIPLES AND APPLICATIONS OF QUANTUM CHEMISTRY - Density Functional Theory (DFT) and Time Dependent DFT (TDDFT)},
journal              = {},
year                 = {2016},
volume               = {},
issue                = {},
pages                = {169},
}

%%##################################################
%% BOOK    srimbook
%%##################################################
@BOOK{srimbook,
type                 = {BOOK},
cite                 = {srimbook},
author               = {J. F. Ziegler and J. P. Biersack and M. D. Ziegler},
title                = {The Stopping and Range of Ions in Matter},
journal              = {},
year                 = {2015},
volume               = {},
issue                = {},
pages                = {},
}

%%##################################################
%% BOOK    talysmanual
%%##################################################
@BOOK{talysmanual,
type                 = {BOOK},
cite                 = {talysmanual},
author               = {A Koning and S Hilaire and S Goriely},
title                = {TALYS 1.95 A Nuclear Reaction Program},
journal              = {},
year                 = {2019},
volume               = {},
issue                = {},
pages                = {},
}

%%##################################################
%% BOOK    advancedbiomass
%%##################################################
@BOOK{advancedbiomass,
type                 = {BOOK},
cite                 = {advancedbiomass},
author               = {S Heidenreich and M MÃ¼ller and P. U. Foscolo},
title                = {Advanced Biomass Gasification - New Concepts for Efficiency Increase and Product Flexibility},
journal              = {},
year                 = {2016},
volume               = {},
issue                = {},
pages                = {},
}

%%##################################################
%% BOOK    dlpolymanual
%%##################################################
@BOOK{dlpolymanual,
type                 = {BOOK},
cite                 = {dlpolymanual},
author               = {I.T.Todorov and W. Smith},
title                = {The DL_POLY_4 User Manual},
journal              = {},
year                 = {2016},
volume               = {},
issue                = {4.08},
pages                = {},
}

%%##################################################
%% BOOK    staehlecoriou
%%##################################################
@BOOK{staehlecoriou,
type                 = {BOOK},
cite                 = {staehlecoriou},
author               = {R.W. Staehle},
title                = {Historical views on stress corrosion cracking of nickel-based alloys: the Coriou effect},
journal              = {Stress Corrosion Cracking of Nickel-based Alloys in Water-cooled Nuclear Reactors},
year                 = {2016},
volume               = {},
issue                = {},
pages                = {},
}

%%##################################################
%% BOOK    genivstrucmat
%%##################################################
@BOOK{genivstrucmat,
type                 = {BOOK},
cite                 = {genivstrucmat},
author               = {J. L. Seran and M. Le Flem},
title                = {Irradiation-resistant Austenitic Steels as Core Materials for Generation IV Nuclear Reactors},
journal              = {},
year                 = {2017},
volume               = {},
issue                = {},
pages                = {285-328},
}

%%##################################################
%% BOOK    genivdpa
%%##################################################
@BOOK{genivdpa,
type                 = {BOOK},
cite                 = {genivdpa},
author               = {A. Aitkaliyeva and L. He and H. Wen and B. Miller and X. M. Bai and T. Allen},
title                = {Irradiation effects in Generation IV nuclear reactor materials},
journal              = {Structural Materials for Generation IV Nuclear Reactors},
year                 = {2017},
volume               = {},
issue                = {},
pages                = {253-283},
}

%%##################################################
%% BOOK    wasstrucaustenitic
%%##################################################
@BOOK{wasstrucaustenitic,
type                 = {BOOK},
cite                 = {wasstrucaustenitic},
author               = {Gary S. Was and Shigeharu Ukai},
title                = {Austenitic Stainless Steels},
journal              = {Structural Alloys for Nuclear Energy Applications},
year                 = {2019},
volume               = {},
issue                = {},
pages                = {},
}

%%##################################################
%% BOOK    solidstatebasics
%%##################################################
@BOOK{solidstatebasics,
type                 = {BOOK},
cite                 = {solidstatebasics},
author               = {Steven H. Simon},
title                = {Solid State Basics},
journal              = {},
year                 = {2013},
volume               = {},
issue                = {},
pages                = {},
}

%%##################################################
%% BOOK    aligningelectrons
%%##################################################
@BOOK{aligningelectrons,
type                 = {BOOK},
cite                 = {aligningelectrons},
author               = {Steven H. Simon},
title                = {Solid State Basics},
journal              = {},
year                 = {2013},
volume               = {},
issue                = {},
pages                = {213},
}

%%##################################################
%% BOOK    solidstatebasicswcs
%%##################################################
@BOOK{solidstatebasicswcs,
type                 = {BOOK},
cite                 = {solidstatebasicswcs},
author               = {Steven H. Simon},
title                = {Solid State Basics},
journal              = {},
year                 = {2013},
volume               = {},
issue                = {},
pages                = {115},
}

%%##################################################
%% BOOK    physcondensed
%%##################################################
@BOOK{physcondensed,
type                 = {BOOK},
cite                 = {physcondensed},
author               = {Elsevier Inc},
title                = {Nearly Free Electron Model},
journal              = {Structural Alloys for Nuclear Energy Applications},
year                 = {2012},
volume               = {},
issue                = {},
pages                = {},
}

