%%##################################################
%% ARTICLE   NaDiffusion
%%##################################################
@article{NaDiffusion,
  title        = {
    The influence of point defects on Na diffusion in black phosphorene - first
    principles study
  },
  author       = {A. E. Rezaee and M. Almasi-Kashi},
  year         = {},
  journal      = {Journal Pre-proof},
  volume       = {},
  pages        = {},
  type         = {ARTICLE},
  cite         = {NaDiffusion},
  issue        = {}
}
%%##################################################
%% ARTICLE   Feshbach
%%##################################################
@article{Feshbach,
  title        = {
    Model for Nuclear Reactions with Neutrons
  },
  author       = {H Feshbach and C E Porter and V F Weisskopf},
  year         = {1954},
  journal      = {Physical Review},
  volume       = {96},
  pages        = {448-464},
  type         = {ARTICLE},
  cite         = {Feshbach},
  issue        = {}
}
%%##################################################
%% ARTICLE   Hodgson1
%%##################################################
@article{Hodgson1,
  title        = {
    The Nuclear Optical Model
  },
  author       = {P E Hodgson},
  year         = {1971},
  journal      = {Rep. Prog. Phys.},
  volume       = {34},
  pages        = {765-819},
  type         = {ARTICLE},
  cite         = {Hodgson1},
  issue        = {}
}

%%##################################################
%% ARTICLE   ironsurfaceenergy
%%##################################################
@article{ironsurfaceenergy,
  title        = {The Surface and Grain Boundary Energies of Iron, Cobalt and Nickel},
  author       = {T. A. Roth},
  year         = {1975},
  journal      = {Materials Science and Engineering},
  volume       = {18},
  pages        = {183-192},
  type         = {ARTICLE},
  cite         = {ironsurfaceenergy},
  issue        = {}
}
%%##################################################
%% ARTICLE   pdsurfaceenergy
%%##################################################
@article{pdsurfaceenergy,
  title        = {A Calculation of the Surface Energies of FCC Transition Metals},
  author       = {Paul Wynblatt},
  year         = {1984},
  journal      = {Surface Science},
  volume       = {136},
  pages        = {L51-L56},
  type         = {ARTICLE},
  cite         = {pdsurfaceenergy},
  issue        = {}
}
%%##################################################
%% BOOK   convsteelooc
%%##################################################
@book{convsteelooc,
  title        = {Conventional austenitic steels as out-of-core materials for Generation IV nuclear reactors},
  author       = {F. Dalle and M. Blat-Yrieix and S. Dubiez-Le Goff and C. Cabet and P. Dubuisson},
  year         = {},
  journal      = {},
  volume       = {},
  pages        = {},
  type         = {BOOK},
  cite         = {convsteelooc},
  issue        = {}
}
%%##################################################
%% ARTICLE   exforarticle
%%##################################################
@article{exforarticle,
  title        = {The experimental nuclear reaction data (EXFOR): Extended computer database and Web retrieval system},
  author       = {V.V. Zerkin and B. Pritychenko},
  year         = {2018},
  journal      = {Nuclear Inst. and Methods in Physics Research, A},
  volume       = {888},
  pages        = {31-43},
  type         = {ARTICLE},
  cite         = {exforarticle},
  issue        = {}
}
%%##################################################
%% ARTICLE   exfortanaka
%%##################################################
@article{exfortanaka,
  title        = {Excitation Functions for (p,n) Reactions with Titanium, Vanadium, Chromium, Iron and Nickel up to Ep = 14 MeV},
  author       = {Shigeo Tanaka and Michiaki Furukawa},
  year         = {1959},
  journal      = {Journal of the Physical Society of Japan},
  volume       = {14},
  pages        = {1269-1275},
  type         = {ARTICLE},
  cite         = {exfortanaka},
  issue        = {10}
}
%%##################################################
%% ARTICLE   exforwing
%%##################################################
@article{exforwing,
  title        = {(p,n) Cross Sections of V51, Cr52, Cu63, Cu65, Ag107, Ag109, Cd111, Cd112 and La139 from 5 to 10.5MeV},
  author       = {J. Wing and J. R. Huizenga},
  year         = {1962},
  journal      = {Physical Review},
  volume       = {128},
  pages        = {280-290},
  type         = {ARTICLE},
  cite         = {exforwing},
  issue        = {1}
}
%%##################################################
%% ARTICLE   exforgadioli
%%##################################################
@article{exforgadioli,
  title        = {Excitation Functions of V51, Fe56, 65Cu (p,n) Reactions Between 10 and 45 MeV},
  author       = {E. Gadioli and A. M. Grassi Strini and G. Lo Bianco and G. Strini and G. Tagliaferri},
  year         = {1974},
  journal      = {Il Nuovo Cimento},
  volume       = {22},
  pages        = {547-558},
  type         = {ARTICLE},
  cite         = {exforgadioli},
  issue        = {4}
}
%%##################################################
%% ARTICLE   stoppingdistance
%%##################################################
@article{stoppingdistance,
  title        = {Nuclear Physics C. Nuclear Dynamics, Experimental},
  author       = {M. S. Livingston and H. A. Bethe},
  year         = {1937},
  journal      = {Physical Review},
  volume       = {9},
  pages        = {245-398},
  type         = {ARTICLE},
  cite         = {stoppingdistance},
  issue        = {3}
}
%%##################################################
%% BOOK   medicalmetals133
%%##################################################
@book{medicalmetals133,
  title        = {Metals - Basic Principles},
  author       = {Jeremy L. Gilber},
  year         = {},
  journal      = {},
  volume       = {},
  pages        = {},
  type         = {BOOK},
  cite         = {medicalmetals133},
  issue        = {}
}
%%##################################################
%% ONLINE   agrfuelstorage
%%##################################################
@online{agrfuelstorage,
  title        = {The Long Term Storage of Advanced Gas-Cooled Reactor Fuel},
  author       = {P. N. Standring},
  year         = {},
  url          = {
    
    https://inis.iaea.org/collection/NCLCollectionStore/\%5FPublic/30/040/30040095.pdf
  },
  type         = {ONLINE},
  cite         = {agrfuelstorage}
}
%%##################################################
%% ONLINE   orbitals3d
%%##################################################
@online{orbitals3d,
  title        = {Atomic Orbitals},
  author       = {Mark Winter},
  year         = {},
  url          = {https://winter.group.shef.ac.uk/orbitron/atomic\%5Forbitals},
  type         = {ONLINE},
  cite         = {orbitals3d}
}
%%##################################################
%% ARTICLE   bateman
%%##################################################
@article{bateman,
  title        = {
    The solution of a system of differential equations occurring in the theory
    of radioactive transformations
  },
  author       = {H. Bateman},
  year         = 1910,
  journal      = {Proc. Camb. Phil. Soc.},
  volume       = 15,
  pages        = 423,
  type         = {ARTICLE},
  cite         = {bateman},
  issue        = {}
}
%%##################################################
%% ARTICLE   murnaghaneq
%%##################################################
@article{murnaghaneq,
  title        = {The Compressibility of Media Under Extreme Pressures},
  author       = {F. D. Murnaghan},
  year         = 1944,
  journal      = {},
  volume       = {},
  pages        = {},
  type         = {ARTICLE},
  cite         = {murnaghaneq},
  issue        = {}
}
%%##################################################
%% ARTICLE   birchmurnaghaneq
%%##################################################
@article{birchmurnaghaneq,
  title        = {Finite elastic strain of cubic crystals},
  author       = {F. Birch},
  year         = 1947,
  journal      = {},
  volume       = {},
  pages        = {},
  type         = {ARTICLE},
  cite         = {birchmurnaghaneq},
  issue        = {}
}
%%##################################################
%% ARTICLE   fecrnisystem
%%##################################################
@article{fecrnisystem,
  title        = {A study of the iron-chromium-nickel ternary system},
  author       = {Pugh JW and Nisbet JD.},
  year         = 1950,
  journal      = {J Metals, Trans AIME},
  volume       = {},
  pages        = {},
  type         = {ARTICLE},
  cite         = {fecrnisystem},
  issue        = {}
}
%%##################################################
%% ARTICLE   morseparams001
%%##################################################
@article{morseparams001,
  title        = {Application of the Morse potential function to cubic metals},
  author       = {L. A. Girifalco and V. G. Weizer},
  year         = 1959,
  journal      = {Physics Review},
  volume       = 114,
  pages        = 687,
  type         = {ARTICLE},
  cite         = {morseparams001},
  issue        = {}
}
%%##################################################
%% ARTICLE   hohenbergkohn
%%##################################################
@article{hohenbergkohn,
  title        = {Inhomogeneous Electron Gas},
  author       = {P. Hohenberg and W. Kohn},
  year         = 1964,
  journal      = {Physical Review},
  volume       = 136,
  pages        = {},
  type         = {ARTICLE},
  cite         = {hohenbergkohn},
  issue        = {}
}
%%##################################################
%% ARTICLE   kohnsham
%%##################################################
@article{kohnsham,
  title        = {Self-Consistent Equations Including Exchange and Correlation Effects},
  author       = {W. Kohn and  L. J. Sham},
  year         = 1965,
  journal      = {Physical Review},
  volume       = 140,
  pages        = {},
  type         = {ARTICLE},
  cite         = {kohnsham},
  issue        = {}
}
%%##################################################
%% ARTICLE   stehfest
%%##################################################
@article{stehfest,
  title        = {Algorithm 368 Numerical Inversion of Laplace Transform},
  author       = {H. Stehfest},
  year         = 1970,
  journal      = {Communications of the ACM},
  volume       = 13,
  pages        = {47--49},
  type         = {ARTICLE},
  cite         = {stehfest},
  issue        = {}
}
%%##################################################
%% ARTICLE   ElasticMeltingTemp
%%##################################################
@article{ElasticMeltingTemp,
  title        = {Elastic Constants Versus Melting Temperature in Metals},
  author       = {L. D. Brown and H. L. Marcus},
  year         = 1984,
  journal      = {Scripta Metallurgica},
  volume       = 18,
  pages        = {951--956},
  type         = {ARTICLE},
  cite         = {ElasticMeltingTemp},
  issue        = {}
}
%%##################################################
%% ARTICLE   dawbaskeseam
%%##################################################
@article{dawbaskeseam,
  title        = {
    Embedded-atom method Derivation and application to impurities, surfaces,and
    other defects in metals
  },
  author       = {M. S. Daw and  M. I. Baskes},
  year         = 1984,
  journal      = {Physical Review B},
  volume       = 29,
  pages        = {6443--6453},
  type         = {ARTICLE},
  cite         = {dawbaskeseam},
  issue        = 12
}
%%##################################################
%% ARTICLE   kirchheimpassive
%%##################################################
@article{kirchheimpassive,
  title        = {The Passivity of Iron-Chromium Alloys},
  author       = {H. Knote and U. Stolz},
  year         = 1989,
  journal      = {Corrosion Science},
  volume       = 29,
  pages        = {899--917},
  type         = {ARTICLE},
  cite         = {kirchheimpassive},
  issue        = 7
}
%%##################################################
%% ARTICLE   kirchheimcc
%%##################################################
@article{kirchheimcc,
  title        = {
    Compositional Changes of Passive Films Due To Different Transport Rates and
    Preferential Dissolution
  },
  author       = {S. Hoffmann and H. Hofsass},
  year         = 1990,
  journal      = {Corrosion Science},
  volume       = 31,
  pages        = {573--578},
  type         = {ARTICLE},
  cite         = {kirchheimcc},
  issue        = {}
}
%%##################################################
%% ARTICLE   pressuredepmehl
%%##################################################
@article{pressuredepmehl,
  title        = {Pressure depenence of the elastic moduli in aluminium-rich Al-Li compounds},
  author       = {Michael J. Mehl},
  year         = 1993,
  journal      = {Physical Review B},
  volume       = 47,
  pages        = {2493--2500},
  type         = {ARTICLE},
  cite         = {pressuredepmehl},
  issue        = 5
}
%%##################################################
%% BOOK   elasticpropertiesmehl
%%##################################################
@book{elasticpropertiesmehl,
  title        = {First Principles Calculations of Elastic Properties of Metals},
  author       = {B. M. Klein and  D. A. Papaconstantopoulos},
  year         = 1994,
  journal      = {},
  volume       = {},
  pages        = {},
  type         = {BOOK},
  cite         = {elasticpropertiesmehl},
  issue        = {}
}
%%##################################################
%% BOOK   leachmanneutrons
%%##################################################
@book{leachmanneutrons,
  title        = {Peaceful Uses of Atomic Energy},
  author       = {R. B. Leachman},
  year         = 1956,
  journal      = {},
  volume       = {2},
  pages        = {193},
  type         = {BOOK},
  cite         = {leachmanneutrons},
  issue        = {}
}
%%##################################################
%% ARTICLE   forcematchingmethod
%%##################################################
@article{forcematchingmethod,
  title        = {
    Interatomic Potentials from First-Principles Calculations: the
    Force-Matching Method
  },
  author       = {F. Ercolessi and J. B. Adams},
  year         = 1994,
  journal      = {Europhys. Lett.},
  volume       = 26,
  pages        = {583--588},
  type         = {ARTICLE},
  cite         = {forcematchingmethod},
  issue        = 8
}
%%##################################################
%% ARTICLE   shengeam
%%##################################################
@article{shengeam,
  title        = {Highly Optimized Embedded-Atom-Method Potentials for Fourteen FCC Metals},
  author       = {H. Sheng and A. Cadien and T. Fujita and M. W. Chen},
  year         = 2011,
  journal      = {Physical Review B},
  volume       = 83,
  pages        = {1--20},
  type         = {ARTICLE},
  cite         = {shengeam},
  issue        = {}
}
%%##################################################
%% ARTICLE   DftTiSiRavindran
%%##################################################
@article{DftTiSiRavindran,
  title        = {
    Density functional theory for calculation of elastic properties of
    orthorhombic crystals - applications to TiSi2
  },
  author       = {P. A. Korzhavyi and B. Johansson},
  year         = 1998,
  journal      = {Journal of Applied Physics},
  volume       = 84,
  pages        = {4891--4904},
  type         = {ARTICLE},
  cite         = {DftTiSiRavindran},
  issue        = 9
}
%%##################################################
%% ONLINE   magnoxtemp
%%##################################################
@online{magnoxtemp,
  title        = {Description of the Magnox Type of Gas Cooled Reactor (MAGNOX)},
  author       = {S. E. Jensen and E. Nonbol},
  year         = 1998,
  url          = {
    
    https://inis.iaea.org/collection/NCLCollectionStore/\%5FPublic/30/052/30052480.pdf
  },
  type         = {ONLINE},
  cite         = {magnoxtemp}
}
%%##################################################
%% ARTICLE   semiempiricalpots
%%##################################################
@article{semiempiricalpots,
  title        = {
    Semiempirical atomic potentials for the fcc metals Cu, Ag, Au, Ni, Pd, Pt,
    Al, and Pb based on first and second nearest-neighbor modified embedded
    atom method
  },
  author       = {Jae-Hyeok Shim and  M. I. Baskes},
  year         = 2003,
  journal      = {Physical Review B},
  volume       = 68,
  pages        = {},
  type         = {ARTICLE},
  cite         = {semiempiricalpots},
  issue        = {}
}
%%##################################################
%% ARTICLE   femendelev
%%##################################################
@article{femendelev,
  title        = {
    Development of new interatomic potentials appropriate for crystalline and
    liquid iron
  },
  author       = {G. J. Ackland and  D. Y. Sun and M. Asta},
  year         = 2003,
  journal      = {Philosophical Magazine},
  volume       = 83,
  pages        = {3977--3994},
  type         = {ARTICLE},
  cite         = {femendelev},
  issue        = {}
}
%%##################################################
%% ARTICLE   finnissinclair
%%##################################################
@article{finnissinclair,
  title        = {
    A simple empirical N-body potential for transition metals
  },
  author       = {M. W. Finnis and J. E. Sinclair},
  year         = 1984,
  journal      = {Philosophical Magazine A},
  volume       = 50,
  pages        = {},
  type         = {ARTICLE},
  cite         = {finnissinclair},
  issue        = {}
}
%%##################################################
%% ARTICLE   feacklandmendelev
%%##################################################
@article{feacklandmendelev,
  title        = {
    Development of an interatomic potential for phosphorus impurities in
    alpha-iron
  },
  author       = {G J Ackland and M I Mendelev and D JSrolovitz and S Han and A V Barashev},
  year         = 2004,
  journal      = {Condensed Matter},
  volume       = 16,
  pages        = {},
  type         = {ARTICLE},
  cite         = {feacklandmendelev},
  issue        = {}
}
%%##################################################
%% ARTICLE   twobandackland
%%##################################################
@article{twobandackland,
  title        = {Two-band second moment model for transition metals and alloys},
  author       = {Graeme J. Ackland},
  year         = 2005,
  journal      = {Condensed Materials},
  volume       = {},
  pages        = {},
  type         = {ARTICLE},
  cite         = {twobandackland},
  issue        = {}
}
%%##################################################
%% ARTICLE   olssonfecr
%%##################################################
@article{olssonfecr,
  title        = {Two-band modelling of alpha prime phase formation in Fe-Cr},
  author       = {K. Nordlund and L. Malerba},
  year         = 2005,
  journal      = {Physical Review B},
  volume       = 72,
  pages        = {},
  type         = {ARTICLE},
  cite         = {olssonfecr},
  issue        = {}
}
%%##################################################
%% ARTICLE   nickeldiffusion
%%##################################################
@article{nickeldiffusion,
  title        = {
    Diffusion rates of 3d transition metal solutes in nickel by
    first-principles calculations
  },
  author       = {A. Janotti and R.C. Reed},
  year         = 2005,
  journal      = {Acta Materialia},
  volume       = 53,
  pages        = {2369--2376},
  type         = {ARTICLE},
  cite         = {nickeldiffusion},
  issue        = {}
}
%%##################################################
%% ONLINE   decay
%%##################################################
@online{decay,
  title        = {Nuclear Data Services. www-nds.iaea.org},
  author       = {A. A. Sonzogni},
  year         = 2006,
  url          = {http://www-nds.iaea.org/ndspub/download-endf/ENDF-B-VII.0/decay-index.htm},
  type         = {ONLINE},
  cite         = {decay}
}
%%##################################################
%% ARTICLE   endfvii
%%##################################################
@article{endfvii,
  title        = {
    ENDF B-VII.0 - Next generation evaluated nuclear data library for nuclear
    science and technology.
  },
  author       = {M. B. Chadwick and M. Herman},
  year         = 2006,
  journal      = {Nucl. Data Sheets},
  volume       = 107,
  pages        = 2931,
  type         = {ARTICLE},
  cite         = {endfvii},
  issue        = {}
}
%%##################################################
%% ONLINE   cyclotrons
%%##################################################
@online{cyclotrons,
  title        = {Directory of Cyclotrons used for Radionuclide Production in Member States},
  author       = {IAEA Department of Nuclear Sciences and Applications},
  year         = 2006,
  url          = {http://www-naweb.iaea.org/napc/iachem/cyclotrons/PDF/DCRP.pdf},
  type         = {ONLINE},
  cite         = {cyclotrons}
}
%%##################################################
%% ARTICLE   talys1
%%##################################################
@article{talys1,
  title        = {TALYS-1.0.},
  author       = {S. Hilaire and M. C. Duijvestijn},
  year         = 2007,
  journal      = {
    Proceedings of the International Conference on Nuclear Data for Science and
    Technology
  },
  volume       = {},
  pages        = {211--214},
  type         = {ARTICLE},
  cite         = {talys1},
  issue        = {}
}
%%##################################################
%% BOOK   mmfpe
%%##################################################
@book{mmfpe,
  title        = {Mathematical Methods for Physics and Engineering},
  author       = {M. P. Hobson and S. J. Bence},
  year         = 2007,
  journal      = {},
  volume       = {},
  pages        = {},
  type         = {BOOK},
  cite         = {mmfpe},
  issue        = {}
}
%%##################################################
%% ARTICLE   matplotlib
%%##################################################
@article{matplotlib,
  title        = {Matplotlib - A 2D graphics environment},
  author       = {J. D. Hunter},
  year         = 2007,
  journal      = {Computing In Science \& Engineering},
  volume       = 9,
  pages        = {90--95},
  type         = {ARTICLE},
  cite         = {matplotlib},
  issue        = {}
}
%%##################################################
%% BOOK   njcarron
%%##################################################
@book{njcarron,
  title        = {An Introduction to the Passage of Energetic Particles through Matter},
  author       = {N J Carron},
  year         = 2007,
  journal      = {},
  volume       = {},
  pages        = {},
  type         = {BOOK},
  cite         = {njcarron},
  issue        = {}
}
%%##################################################
%% BOOK   gswas
%%##################################################
@book{gswas,
  title        = {Fundamentals of Radiation Materials Science},
  author       = {G. S. Was},
  year         = 2007,
  journal      = {},
  volume       = {},
  pages        = {},
  type         = {BOOK},
  cite         = {gswas},
  issue        = {}
}
%%##################################################
%% BOOK   gswasike
%%##################################################
@book{gswasike,
  title        = {Fundamentals of Radiation Materials Science},
  author       = {G. S. Was},
  year         = 2007,
  journal      = {},
  volume       = {},
  pages        = {183},
  type         = {BOOK},
  cite         = {gswasike},
  issue        = {}
}
%%##################################################
%% BOOK   gswasiascc
%%##################################################
@book{gswasiascc,
  title        = {Fundamentals of Radiation Materials Science},
  author       = {G. S. Was},
  year         = 2007,
  journal      = {},
  volume       = {},
  pages        = {765},
  type         = {BOOK},
  cite         = {gswasiascc},
  issue        = {}
}
%%##################################################
%% ARTICLE   risfecrni
%%##################################################
@article{risfecrni,
  title        = {Mechanisms of radiation-induced segregation around He bubbles in a Fe-Cr-Ni   crystal},
  author       = {B. Kombaiah and P.D. Edmondson and Y. Wang and L.A. Boatner and Y. Zhang},
  year         = 2018,
  journal      = {Journal of Nuclear Materials},
  volume       = 11,
  pages        = {},
  type         = {ARTICLE},
  cite         = {risfecrni},
  issue        = {}
}

%%##################################################
%% ARTICLE   risokamoto
%%##################################################
@article{risokamoto,
  title        = {RADIATION-INDUCED SEGREGATION IN BINARY AND TERNARY ALLOYS},
  author       = {P. R. Okamoto and L. E. Rehn},
  year         = 1979,
  journal      = {Journal of Nuclear Materials},
  volume       = 83,
  pages        = {2--23},
  type         = {ARTICLE},
  cite         = {risokamoto},
  issue        = {}
}

%%##################################################
%% ARTICLE   fenicrternaryphase
%%##################################################
@article{fenicrternaryphase,
  title        = {
    Phase equilibria of the Fe–Cr–Ni ternary systems and interfacialreactions
    in Fe–Cr alloys with Ni substrate
  },
  author       = {Jian-wei Su and Dong-ping Huang},
  year         = 2008,
  journal      = {Journal of Alloys and Compounds},
  volume       = 457,
  pages        = {270--278},
  type         = {ARTICLE},
  cite         = {fenicrternaryphase},
  issue        = {}
}
%%##################################################
%% ARTICLE   twobandacklandreed
%%##################################################
@article{twobandacklandreed,
  title        = {Two-band second moment model and an interatomic potential for caesium},
  author       = {Graeme J. Ackland and Stewart K. Reed},
  year         = 2008,
  journal      = {Condensed Materials},
  volume       = {},
  pages        = {},
  type         = {ARTICLE},
  cite         = {twobandacklandreed},
  issue        = {}
}
%%##################################################
%% ARTICLE   damagebcciron
%%##################################################
@article{damagebcciron,
  title        = {Computer simulation of cascade damage in a-iron with carbon in solution},
  author       = {
    Andrew F. Calder and David J. Bacon and Alexander V. Barashev and Yuri N.
    Osetsky
  },
  year         = 2008,
  journal      = {Journal of Nuclear Materials},
  volume       = {},
  pages        = {91--95},
  type         = {ARTICLE},
  cite         = {damagebcciron},
  issue        = 382
}
%%##################################################
%% ARTICLE   pkamoldy
%%##################################################
@article{pkamoldy,
  title        = {Defect production due to displacement cascades in metals as revealed by computer simulation},
  author       = {
    David J. Bacon and Andrew F. Calder and F Gao
  },
  year         = 1997,
  journal      = {Journal of Nuclear Materials},
  volume       = {251},
  pages        = {1--12},
  type         = {ARTICLE},
  cite         = {pkamoldy},
  issue        = {}
}
%%##################################################
%% ARTICLE   moxlammpsdamage
%%##################################################
@article{moxlammpsdamage,
  title        = {Damage characterization of (U,Pu)O2 under irradiation by molecular dynamics simulations},
  author       = {Hector Balboa and Laurent Van Brutzel and Alain Chartier and Yann Le Bouar},
  year         = 2018,
  journal      = {Journal of Nuclear Materials},
  volume       = {512},
  pages        = {440--449},
  type         = {ARTICLE},
  cite         = {moxlammpsdamage},
  issue        = {}
}
%%##################################################
%% ARTICLE   dlpolyradiationdamage
%%##################################################
@article{dlpolyradiationdamage,
  title        = {Modeling high-energy radiation damage in nuclear and fusion applications},
  author       = {K. Trachenko and E. Zarkadoula and I. T. Todorov and M. T. Dove and D. J. Dunstan and K. Nordlund},
  year         = 2012,
  journal      = {Nuclear Instruments and Methods in Physics Research B},
  volume       = {277},
  pages        = {6--13},
  type         = {ARTICLE},
  cite         = {dlpolyradiationdamage},
  issue        = {}
}
%%##################################################
%% ARTICLE   pusputtering
%%##################################################
@article{pusputtering,
  title        = {Sputtering of material from the surface of PuO2 crystals by collision cascades impact.  A molecular dynamics study},
  author       = {K. A. Nekrasov and},
  year         = 2018,
  journal      = {Journal of Nuclear Materials},
  volume       = {512},
  pages        = {440--449},
  type         = {ARTICLE},
  cite         = {pusputtering},
  issue        = {}
}

%%##################################################
%% ARTICLE   pkaenergyspectra
%%##################################################
@article{pkaenergyspectra,
  title        = {Energy spectra of primary knock-on atoms under neutron irradiation},
  author       = {M. R. Gilbert and J. Marian and J-Ch. Sublet},
  year         = 2015,
  journal      = {Journal of Nuclear Materials},
  volume       = {467},
  pages        = {121--134},
  type         = {ARTICLE},
  cite         = {pkaenergyspectra},
  issue        = {}
}


%%##################################################
%% ARTICLE   marzarivanderbilt
%%##################################################
@article{marzarivanderbilt,
  title        = {Thermal Contraction and Disordering of the Al(110) Surface Nicola},
  author       = {N. Marzari and D. Vanderbilt and A. De Vita and M. C. Payne},
  year         = 2008,
  journal      = {Condensed Matter},
  volume       = {},
  pages        = {4--7},
  type         = {ARTICLE},
  cite         = {marzarivanderbilt},
  issue        = 110
}
%%##################################################
%% BOOK   jeff311
%%##################################################
@book{jeff311,
  title        = {The JEFF-3.1.1 Nuclear Data Library},
  author       = {C. Vaglio and J-F. Vidal},
  year         = 2009,
  journal      = {},
  volume       = {},
  pages        = {},
  type         = {BOOK},
  cite         = {jeff311},
  issue        = {}
}
%%##################################################
%% ARTICLE   lightwaterallenbusby
%%##################################################
@article{lightwaterallenbusby,
  title        = {Radiation damage concerns for extended light water Reactor service},
  author       = {T.R. Allen and J.T. Busby},
  year         = 2009,
  journal      = {Journal of Materials},
  volume       = 61,
  pages        = {29--34},
  type         = {ARTICLE},
  cite         = {lightwaterallenbusby},
  issue        = {}
}
%%##################################################
%% ARTICLE   swellingris
%%##################################################
@article{swellingris,
  title        = {Swelling and radiation-induced segregation in austentic alloys},
  author       = {T.R. Allen and J. I. Cole and J. Gan and G. S. Was and R. Dropek and E. A. Kenik},
  year         = 2005,
  journal      = {Journal of Nuclear Materials},
  volume       = 342,
  pages        = {90--100},
  type         = {ARTICLE},
  cite         = {swellingris},
  issue        = {}
}
%%##################################################
%% ARTICLE   molamere
%%##################################################
@article{molamere,
  title        = {Proton-induced reactions on molybdenum},
  author       = {E. Lamere et al},
  year         = 2019,
  journal      = {Physical Review, Part C, Nuclear Physics},
  volume       = 100,
  pages        = {034614},
  type         = {ARTICLE},
  cite         = {molamere},
  issue        = {}
}
%%##################################################
%% ARTICLE   moflynn
%%##################################################
@article{moflynn,
  title        = {Sub-Coulomb proton absorption for isotopes of zirconium and molybdenum},
  author       = {D.S.Flynn and R.L.Hershberger and F.Gabbard},
  year         = 1979,
  journal      = {Physical Review, Part C, Nuclear Physics},
  volume       = {20},
  pages        = {1700},
  type         = {ARTICLE},
  cite         = {moflynn},
  issue        = {5}
}
%%##################################################
%% ARTICLE   mohogan
%%##################################################
@article{mohogan,
  title        = {Mo-96(P,XN)Reaction from 10 to 80 MeV},
  author       = {J.J.Hogan},
  year         = 1972,
  journal      = {Physical Review, Part C, Nuclear Physics},
  volume       = {6},
  pages        = {810},
  type         = {ARTICLE},
  cite         = {mohogan},
  issue        = {}
}
%%##################################################
%% ARTICLE   molevkovski
%%##################################################
@article{molevkovski,
  title        = {Mo-96(P,XN)Reaction from 10 to 80 MeV},
  author       = {V.N.Levkovski},
  year         = {1990},
  journal      = {Soviet Atomic Energy},
  volume       = {69},
  pages        = {773},
  type         = {ARTICLE},
  cite         = {molevkovski},
  issue        = {}
}
%%##################################################
%% ONLINE   bandgapshyperphysics
%%##################################################
@online{bandgapshyperphysics,
  title        = {Electron band gap diagram for insulators, semiconductors and conductors},
  author       = {Hyperphysics},
  year         = 2020,
  url          = {http://hyperphysics.phy-astr.gsu.edu/hbase/Solids/band.html},
  type         = {ONLINE},
  cite         = {bandgapshyperphysics}
}
%%##################################################
%% ONLINE   nuclearsizehyperphysics
%%##################################################
@online{nuclearsizehyperphysics,
  title        = {Nuclear Size and Density},
  author       = {Hyperphysics},
  year         = 2022,
  url          = {http://http://hyperphysics.phy-astr.gsu.edu/hbase/Nuclear/nucuni.html#c4},
  type         = {ONLINE},
  cite         = {nuclearsizehyperphysics}
}
%%##################################################
%% ONLINE   coulombhyperphysics
%%##################################################
@online{coulombhyperphysics,
  title        = {Calculation of Coulomb Barrier},
  author       = {Hyperphysics},
  year         = 2022,
  url          = {http://hyperphysics.phy-astr.gsu.edu/hbase/NucEne/coubar.html},
  type         = {ONLINE},
  cite         = {coulombhyperphysics}
}
%%##################################################
%% ONLINE   waterradiolysis
%%##################################################
@online{waterradiolysis,
  title        = {Water Radiolysis: Influence of Oxide Surfaces on H2 Production under Ionizing Radiation},
  author       = {Sophie Le Caër},
  year         = 2011,
  url          = {https://www.mdpi.com/2073-4441/3/1/235},
  type         = {ONLINE},
  cite         = {waterradiolysis}
}
%%##################################################
%% ONLINE   corrosionmo
%%##################################################
@online{corrosionmo,
  title        = {Corrosion of Molybdenum and its Alloys},
  author       = {S. Lyon},
  year         = 2010,
  url          = {https://www.researchgate.net/publication/287308921_Corrosion_of_Molybdenum_and_its_Alloys},
  type         = {ONLINE},
  cite         = {corrosionmo}
}
%%##################################################
%% ARTICLE   damagebcctungsten
%%##################################################
@article{damagebcctungsten,
  title        = {Molecular dynamics simulation of radiation damage in bcc tungsten},
  author       = {J. Fikar and R. Sch\"{a}ublin Ecole},
  year         = 2009,
  journal      = {Journal of Nuclear Materials},
  volume       = {},
  pages        = {97--101},
  type         = {ARTICLE},
  cite         = {damagebcctungsten},
  issue        = 101
}
%%##################################################
%% ARTICLE   srim
%%##################################################
@article{srim,
  title        = {SRIM - The stopping and range of ions in matter},
  author       = {M. D. Ziegler and J. P. Biersack},
  year         = 2010,
  journal      = {Nuclear Instruments and Methods in Physics Research Section B},
  volume       = 268,
  pages        = {1818--1823},
  type         = {ARTICLE},
  cite         = {srim},
  issue        = {}
}
%%##################################################
%% ARTICLE   scrstainless
%%##################################################
@article{scrstainless,
  title        = {
    Understanding Stress Corrosion Resistant Stainless Steels at the Atomic
    Scale
  },
  author       = {
    D. W. Saxey and B. J. Connolly and C. Cooper and Y. Huang and C. R. M.
    Grovenor and others
  },
  year         = 2010,
  journal      = {},
  volume       = {},
  pages        = {},
  type         = {ARTICLE},
  cite         = {scrstainless},
  issue        = {}
}
%%##################################################
%% ARTICLE   elsy01
%%##################################################
@article{elsy01,
  title        = {European lead fast reactor - ELSY},
  author       = {P. Agostini and S. Monti},
  year         = 2011,
  journal      = {Nuclear Engineering and Design},
  volume       = 241,
  pages        = {3470--3480},
  type         = {ARTICLE},
  cite         = {elsy01},
  issue        = {}
}
%%##################################################
%% ARTICLE   bccfenimodel
%%##################################################
@article{bccfenimodel,
  title        = {
    Ab-initio based modelling of diffusion in dilute bcc Fe–Ni and Fe–Cr alloys
    and implications for radiation induced segregation
  },
  author       = {
    S. Choudhury a and L. Barnard a and J.D. Tucker and T.R. Allen and B.D.
    Wirth and others
  },
  year         = 2011,
  journal      = {Journal of Materials},
  volume       = 411,
  pages        = {1--14},
  type         = {ARTICLE},
  cite         = {bccfenimodel},
  issue        = {}
}
%%##################################################
%% ONLINE   nbsrhistory
%%##################################################
@online{nbsrhistory,
  title        = {The NIST Center for Neutron Research: Over 40 Years Serving NIST/NBS and the Nation},
  author       = {John J. Rush and Ronald L. Cappelletti},
  year         = 2015,
  url          = {https://www.ncnr.nist.gov/NCNRHistory_Rush_Cappelletti.pdf},
  type         = {ONLINE},
  cite         = {nbsrhistory}
} 
%%##################################################
%% ONLINE   spallationsourceflux
%%##################################################
@online{spallationsourceflux,
  title        = {Spallation Neutron Sources for Science and Technology},
  author       = {M. N. H. Comsan},
  year         = 2011,
  url          = {
    
    https://inis.iaea.org/collection/NCLCollectionStore/\%5FPublic/43/099/43099436.pdf
  },
  type         = {ONLINE},
  cite         = {spallationsourceflux}
} 
%%##################################################
%% ONLINE   isisneutronsource
%%##################################################
@online{isisneutronsource,
  title        = {How ISIS works - In Depth},
  author       = {ISIS},
  year         = 2020,
  url          = {https://www.isis.stfc.ac.uk/Pages/How-ISIS-works--in-depth.aspx},
  type         = {ONLINE},
  cite         = {isisneutronsource}
} 
%%##################################################
%% ONLINE   deathsfromenergysource
%%##################################################
@online{deathsfromenergysource,
  title        = {Safest and Cleanest Sources of Energy},
  author       = {Our World In Data},
  year         = 2020,
  url          = {https://ourworldindata.org/uploads/2020/10/What-is-the-safest-form-of-energy-2048x1129.png},
  type         = {ONLINE},
  cite         = {deathsfromenergysource}
} 
%%##################################################
%% ONLINE   periodictablena
%%##################################################
@online{periodictablena,
  title        = {Sodium: periodictable.com},
  author       = {periodictable.com},
  year         = 2020,
  url          = {https://periodictable.com/Elements/011/data.html  },
  type         = {ONLINE},
  cite         = {periodictablena}
} 
%%##################################################
%% ONLINE   periodictableal
%%##################################################
@online{periodictableal,
  title        = {Aluminium: periodictable.com},
  author       = {periodictable.com},
  year         = 2020,
  url          = {https://periodictable.com/Elements/013/data.html  },
  type         = {ONLINE},
  cite         = {periodictableal}
} 
%%##################################################
%% ARTICLE   talys
%%##################################################
@article{talys,
  title        = {Modern Nuclear Data Evaluation With The TALYS Code System},
  author       = {D. Rochman and A. J. Koning},
  year         = 2012,
  journal      = {Nuclear Data Sheets},
  volume       = 113,
  pages        = {},
  type         = {ARTICLE},
  cite         = {talys},
  issue        = {}
}
%%##################################################
%% ARTICLE   tungstenfikarschaublin
%%##################################################
@article{tungstenfikarschaublin,
  title        = {Molecular dynamics simulation of radiation damage in bcc tungsten},
  author       = {J. Fikar and R. Schäublin},
  year         = 2009,
  journal      = {Journal of Nuclear Materials},
  volume       = 386-388,
  pages        = {97-101},
  type         = {ARTICLE},
  cite         = {tungstenfikarschaublin},
  issue        = {C}
}
%%##################################################
%% ARTICLE   stollerdamage1996
%%##################################################
@article{stollerdamage1996,
  title        = {Primary Damage Formation in Irradiated Materials},
  author       = {R. E. Stoller},
  year         = 1996,
  journal      = {Journal of Metals},
  volume       = 48,
  pages        = {23-27},
  type         = {ARTICLE},
  cite         = {stollerdamage1996},
  issue        = {12}
}
%%##################################################
%% ARTICLE   jfannett1996
%%##################################################
@article{jfannett1996,
  title        = {Efficiency of algorithms for Kohn-Sham density functional theory},
  author       = {J. F. Annett},
  year         = 1995,
  journal      = {Computational Materials Science},
  volume       = 4,
  pages        = {23-42},
  type         = {ARTICLE},
  cite         = {jfannett1996},
  issue        = {}
}
%%##################################################
%% ARTICLE   moprotection
%%##################################################
@article{moprotection,
  title        = {Effects of molybdenum on the composition and nanoscale morphology of passivated austenitic stainless steel surfaces},
  author       = {V. Maurice and H. Peng and L. H. Klein and A. Seyeux and
S. Zanna and P. Marcus},
  year         = 2015,
  journal      = {Faraday Discussions},
  volume       = 180,
  pages        = {151-170},
  type         = {ARTICLE},
  cite         = {moprotection},
  issue        = {}
}
%%##################################################
%% ARTICLE   methfesslpaxton
%%##################################################
@article{methfesslpaxton,
  title        = {High-precision sampling for Brillouin-zone integration in metals},
  author       = {M. Methfessel and A. T. Paxton},
  year         = 1989,
  journal      = {Physical Review B},
  volume       = 40,
  pages        = {3616-3621},
  type         = {ARTICLE},
  cite         = {methfesslpaxton},
  issue        = {6}
}

%%##################################################
%% ONLINE   radiationamounts
%%##################################################
@online{radiationamounts,
  title        = {Radioactivity and Health},
  author       = {Ministry of Defence},
  year         = 2012,
  url          = {https://assets.publishing.service.gov.uk/government/uploads/system/uploads/attachment\%5Fdata/file/34103/SDP\%5FFS4\%5FRadioactivityandHealthWEB.pdf},
  type         = {ONLINE},
  cite         = {radiationamounts}
}
%%##################################################
%% ONLINE   shengeamonline
%%##################################################
@online{shengeamonline,
  title        = {EAM Potentials},
  author       = {H. Sheng},
  year         = 2012,
  url          = {https://sites.google.com/site/eampotentials},
  type         = {ONLINE},
  cite         = {shengeamonline}
}
%%##################################################
%% ONLINE   pbrommer
%%##################################################
@article{pbrommer,
  title        = {Potfit: effective potentials from ab initio data},
  author       = {P. Brommer and F. G\"{a}hler},
  year         = 2007,
  journal      = {Modelling Simul. Mater. Sci. Eng.},
  volume       = 15,
  pages        = {295--304},
  type         = {ARTICLE},
  cite         = {pbrommer},
  issue        = {}
}
%%##################################################
%% ONLINE   chargesloshing1
%%##################################################
@online{chargesloshing1,
  title        = {CASTEP Workshop 2006},
  author       = {Phil Hasnip},
  year         = 2006,
  url          = {http://www.tcm.phy.cam.ac.uk/castep/CASTEP_talks_06/hasnip_new_1.pdf},
  type         = {ONLINE},
  cite         = {chargesloshing1}
}
%%##################################################
%% ONLINE   genIIIimprovements
%%##################################################
@online{genIIIimprovements,
  title        = {Advanced Nuclear Power Reactors},
  author       = {World Nuclear},
  year         = 2020,
  url          = {https://world-nuclear.org/information-library/nuclear-fuel-cycle/nuclear-power-reactors/advanced-nuclear-power-reactors.aspx},
  type         = {ONLINE},
  cite         = {genIIIimprovements}
}
%%##################################################
%% BOOK   propaustenitic
%%##################################################
@book{propaustenitic,
  title        = {Properties of Austenitic Steels for Nuclear Reactor Applications},
  author       = {P. J. Maziasz and  J. T. Busby},
  year         = 2012,
  journal      = {Comprehensive Nuclear Materials},
  volume       = {2},
  pages        = {267--283},
  type         = {BOOK},
  cite         = {propaustenitic},
  issue        = {}
}
%%##################################################
%% BOOK   gknollattenuation
%%##################################################
@book{gknollattenuation,
  title        = {Radiation Detection and Measurement Third Edition},
  author       = {G. F. Knoll},
  year         = 1999,
  journal      = {},
  volume       = {},
  pages        = {53--54},
  type         = {BOOK},
  cite         = {gknollattenuation},
  issue        = {}
}
%%##################################################
%% BOOK   msrcorrosion
%%##################################################
@book{msrcorrosion,
  title        = {Corrosion phenomena induced by molten salts in Generation IV nuclear reactors},
  author       = {V. Ignatiev and A. Surenkov},
  year         = 2017,
  journal      = {Structural Materials for Generation IV Nuclear Reactors},
  volume       = {},
  pages        = {166},
  type         = {BOOK},
  cite         = {msrcorrosion},
  issue        = {}
}
%%##################################################
%% BOOK   geniiiplussafety
%%##################################################
@book{geniiiplussafety,
  title        = {Dynamics and Control of Nuclear Reactors},
  author       = {Thomas W. Kerlin and Belle R. Upadhyaya},
  year         = 2019,
  journal      = {Nuclear reactor designs},
  volume       = 2,
  pages        = {},
  type         = {BOOK},
  cite         = {geniiiplussafety},
  issue        = {}
}
%%##################################################
%% BOOK   pionexchange
%%##################################################
@book{pionexchange,
  title        = {Neutrons, Nuclei \& Matter},
  author       = {James Byrne},
  year         = 2011,
  journal      = {},
  volume       = {},
  pages        = {161},
  type         = {BOOK},
  cite         = {pionexchange},
  issue        = {}
}
%%##################################################
%% BOOK   marzarithesis1
%%##################################################
@book{marzarithesis1,
  title        = {Ab-initio Molecular Dynamics for Metallic Systems},
  author       = {N. Marzari},
  year         = 1996,
  journal      = {},
  volume       = {},
  pages        = {77},
  type         = {BOOK},
  cite         = {marzarithesis1},
  issue        = {}
}
%%##################################################
%% BOOK   marzarithesis2
%%##################################################
@book{marzarithesis2,
  title        = {Ab-initio Molecular Dynamics for Metallic Systems},
  author       = {N. Marzari},
  year         = 1996,
  journal      = {},
  volume       = {},
  pages        = {136},
  type         = {BOOK},
  cite         = {marzarithesis2},
  issue        = {}
}
%%##################################################
%% BOOK   johnhewett
%%##################################################
@book{johnhewett,
  title        = {Use of the University of Birmingham’s Scanditronix MC40 Cyclotron for Materials Irradiation Damage Studies},
  author       = {J. Hewett},
  year         = 2011,
  journal      = {},
  volume       = {},
  pages        = {},
  type         = {Dissertation},
  cite         = {johnhewett},
  issue        = {}
}
%%##################################################
%% BOOK   hjonesfermi
%%##################################################
@book{hjonesfermi,
  title        = {The Theory of Brillouin Zones and Electronic States in Crystals},
  author       = {Harry Jones},
  year         = 1960,
  journal      = {},
  volume       = {},
  pages        = {48},
  type         = {BOOK},
  cite         = {hjonesfermi},
  issue        = {}
}

%%##################################################
%% BOOK   dftgupta1
%%##################################################
@book{dftgupta1,
  title        = {PRINCIPLES AND APPLICATIONS OF QUANTUM CHEMISTRY - Density Functional Theory (DFT) and Time Dependent DFT (TDDFT)},
  author       = {V.P. Gupta},
  year         = 2016,
  journal      = {},
  volume       = {},
  pages        = {169},
  type         = {BOOK},
  cite         = {dftgupta1},
  issue        = {}
}


%%##################################################
%% ONLINE   massattenuation
%%##################################################
@online{massattenuation,
  title        = {X-Ray Mass Attenuation Coefficients},
  author       = {NIST},
  year         = 2022,
  url          = {https://physics.nist.gov/PhysRefData/XrayMassCoef/tab3.html},
  type         = {ONLINE},
  cite         = {massattenuation}
}

%%##################################################
%% ONLINE   fermidiracdist
%%##################################################
@online{fermidiracdist,
  title        = {Dissemination of IT for the Promotion of Materials Science},
  author       = {University of Cambridge},
  year         = 2020,
  url          = {https://www.doitpoms.ac.uk/tlplib/semiconductors/fermi.php},
  type         = {ONLINE},
  cite         = {fermidiracdist}
}
%%##################################################
%% ONLINE   energycutoff
%%##################################################
@online{energycutoff,
  title        = {Density functional theory calculation of elastic constants},
  author       = {University of Illinois},
  year         = 2020,
  url          = {https://courses.physics.illinois.edu/mse404ela/sp2018/Project2-DFT.html},
  type         = {ONLINE},
  cite         = {energycutoff}
}
%%##################################################
%% ONLINE   hohenbergkohnleeuwen
%%##################################################
@online{hohenbergkohnleeuwen,
  title        = {Introduction to density-functional theory},
  author       = {Robert van Leeuwen},
  year         = 2020,
  url          = {http://users.jyu.fi/~roleeuwe/DFTLectureNotes.pdf},
  type         = {ONLINE},
  cite         = {hohenbergkohnleeuwen}
}


%%##################################################
%% ONLINE   gen4
%%##################################################
@online{gen4,
  title        = {Gen-4 Reactors},
  author       = {H. Khartabil},
  year         = 2013,
  url          = {http://www.gen-4.org/GIF/About/documents/25-Session2-3-Khartabil.pdf},
  type         = {ONLINE},
  cite         = {gen4}
}
%%##################################################
%% ONLINE   ocw01
%%##################################################
@online{ocw01,
  title        = {Engineering of Nuclear Systems - Lecture 6A},
  author       = {MIT Open Courseware},
  year         = 2013,
  url          = {
    
    http://ocw.mit.edu/courses/nuclear-engineering/22-06-engineering-of-nuclear-systems-fall-2010/lectures-and-readings/MIT22\%5F06F10\%5Flec06a.pdf
  },
  type         = {ONLINE},
  cite         = {ocw01}
}
%%##################################################
%% ONLINE   ocw02
%%##################################################
@online{ocw02,
  title        = {Engineering of Nuclear Systems - Lecture 6B},
  author       = {MIT Open Courseware},
  year         = 2013,
  url          = {
    
    http://ocw.mit.edu/courses/nuclear-engineering/22-06-engineering-of-nuclear-systems-fall-2010/lectures-and-readings/MIT22\%5F06F10\%5Flec06b.pdf
  },
  type         = {ONLINE},
  cite         = {ocw02}
}
%%##################################################
%% ONLINE   lenjonesparams001
%%##################################################
@online{lenjonesparams001,
  title        = {Van der Waals Potential Energy},
  author       = {Richards Centre at Yale University},
  year         = 2013,
  url          = {
    
    http://www.csb.yale.edu/userguides/datamanip/autodock/html/Using\%5FAutoDock\%5F305.a.html
  },
  type         = {ONLINE},
  cite         = {lenjonesparams001}
}
%%##################################################
%% ONLINE   gilgamesheos
%%##################################################
@online{gilgamesheos,
  title        = {Fitting Birch-Murnaghan},
  author       = {gilgamesh},
  year         = 2013,
  url          = {
    
    http://gilgamesh.cheme.cmu.edu/doc/software/jacapo/appendices/appendix-eos.html
  },
  type         = {ONLINE},
  cite         = {gilgamesheos}
}
%%##################################################
%% ONLINE   lanltour
%%##################################################
@online{lanltour,
  title        = {Los Alamos National Laboratory Tour},
  author       = {Los Alamos National Laboratory},
  year         = 2013,
  url          = {http://t2.lanl.gov/nis/tour/sch007.html},
  type         = {ONLINE},
  cite         = {lanltour}
}
%%##################################################
%% ONLINE   acklandec
%%##################################################
@online{acklandec,
  title        = {Elastic instabilities in crystals from ab initio stress–strain relations},
  author       = {B B Karki and G J Ackland and J Crain},
  year         = 2013,
  url          = {http://www.homepages.ed.ac.uk/gja/karki1.pdf},
  type         = {ONLINE},
  cite         = {acklandec}
}
%%##################################################
%% ONLINE   stainsbyrgfr
%%##################################################
@online{stainsbyrgfr,
  title        = {Los Alamos National Laboratory Tour},
  author       = {Stainsby, R},
  year         = 2013,
  url          = {
    
    http://www.iaea.org/INPRO/cooperation/5th\%5FGIF\%5FMeeting/GFR\%5FStainsby.pdf
  },
  type         = {ONLINE},
  cite         = {stainsbyrgfr}
}
%%##################################################
%% ARTICLE   hydrogenhtr
%%##################################################
@article{hydrogenhtr,
  title        = {Hydrogen production using high temperature reactors: an overview},
  author       = {Sangeeta Deokattey and K. Bhanumurthy and P. K. Vijayan and I. V. Dulera},
  year         = 2013,
  journal      = {Advances in Energy Research},
  volume       = 1,
  pages        = {013--033},
  type         = {ARTICLE},
  cite         = {hydrogenhtr},
  issue        = 1
}

%%##################################################
%% ARTICLE   chargesloshing2
%%##################################################
@article{chargesloshing2,
  title        = {Efficient iterative schemes for ab initio total-energy calculations using a plane-wave basis set},
  author       = {G. Kresse and J. Furthmüller},
  year         = 1996,
  journal      = {Physical Review B},
  volume       = {54},
  pages        = {},
  type         = {ARTICLE},
  cite         = {chargesloshing2},
  issue        = {16}
}

%%##################################################
%% ARTICLE   localtfraczkowski
%%##################################################
@article{localtfraczkowski,
  title        = {Thomas-Fermi charge mixing for obtaining self-consistency in density functional calculations},
  author       = {D. Raczkowski and A. Canning and L. W. Wang},
  year         = 2001,
  journal      = {Physical Review B},
  volume       = {64},
  pages        = {},
  type         = {ARTICLE},
  cite         = {localtfraczkowski},
  issue        = {}
}

%%##################################################
%% ARTICLE   thomasfermijohnson
%%##################################################
@article{thomasfermijohnson,
  title        = {Modified Broyden's method for accelerating convergence in self-consistent calculations},
  author       = {D. D. Johnson},
  year         = 1988,
  journal      = {Physical Review B},
  volume       = {38},
  pages        = {},
  type         = {ARTICLE},
  cite         = {thomasfermijohnson},
  issue        = {18}
}

%%##################################################
%% ONLINE   genivgif
%%##################################################
@online{genivgif,
  title        = {
    Introduction to Generation IV Nuclear Energy Systems and the International
    Forum
  },
  author       = {GenIV International Forum},
  year         = 2013,
  url          = {https://www.iea.org/topics/world-energy-outlook},
  type         = {ONLINE},
  cite         = {genivgif}
}
%%##################################################
%% ONLINE   lma001
%%##################################################
@online{lma001,
  title        = {Optimization Lecture 2},
  author       = {Prof. A. Zisserman},
  year         = 2014,
  url          = {http://www.robots.ox.ac.uk/\~az/lectures/b1/lect2.pdf},
  type         = {ONLINE},
  cite         = {lma001}
}
%%##################################################
%% ARTICLE   janis4
%%##################################################
@article{janis4,
  title        = {
    JANIS 4 - An Improved Version of the NEA Java-based Nuclear Data
    Information System
  },
  author       = {M. Bossant and E. Dupont},
  year         = 2014,
  journal      = {Nuclear Data Sheets},
  volume       = 120,
  pages        = {294--296},
  type         = {ARTICLE},
  cite         = {janis4},
  issue        = {}
}
%%##################################################
%% ARTICLE   Jamal2014
%%##################################################
@article{Jamal2014,
  title        = {Elastic constants of cubic crystals},
  author       = {
    M Jamal and S Jalali Asadabadi and Iftikhar Ahmad and H A Rahnamaye Aliabad
  },
  year         = 2014,
  journal      = {Computational Materials Science},
  volume       = 95,
  pages        = {592--599},
  url          = {http://dx.doi.org/10.1016/j.commatsci.2014.08.027},
  type         = {ARTICLE},
  cite         = {Jamal2014}
}
%%##################################################
%% ARTICLE   bzsampling
%%##################################################
@article{bzsampling,
  title        = {Exploiting the Locality of Periodic Subsystem Density-Functional Theory: Efficient Sampling of the Brillouin Zone},
  author       = {
    Alessandro Genova and Michele Pavanello
  },
  year         = 2015,
  journal      = {J. Phys.: Condens. Matter},
  volume       = 27,
  pages        = {495-501},
  url          = {https://iopscience.iop.org/article/10.1088/0953-8984/27/49/495501/ampdf},
  type         = {ARTICLE},
  cite         = {bzsampling}
}
%%##################################################
%% BOOK   srimbook
%%##################################################
@book{srimbook,
  title        = {The Stopping and Range of Ions in Matter},
  author       = {A Koning and S Hilaire and S Goriely},
  year         = 2015,
  journal      = {},
  volume       = {},
  pages        = {},
  type         = {BOOK},
  cite         = {srimbook},
  issue        = {}
}
%%##################################################
%% BOOK   talysmanual
%%##################################################
@book{talysmanual,
  title        = {TALYS 1.95 A Nuclear Reaction Program},
  author       = {A Koning and S Hilaire and S Goriely},
  year         = 2019,
  journal      = {},
  volume       = {},
  pages        = {},
  type         = {BOOK},
  cite         = {talysmanual},
  issue        = {}
}
%%##################################################
%% ARTICLE   ghoshstability
%%##################################################
@article{ghoshstability,
  title        = {
    A first-principles study of cementite (Fe3C) and its alloyed counterparts:
    Elastic constants, elastic anisotropies, and isotropic elastic moduli
  },
  author       = {G. Ghosh},
  year         = 2015,
  journal      = {AIP Advances},
  volume       = 5,
  pages        = {},
  type         = {ARTICLE},
  cite         = {ghoshstability},
  issue        = {}
}
%%##################################################
%% ONLINE   hfiruserguide
%%##################################################
@online{hfiruserguide,
  title        = {High Flux Isotope Reactor (HFIR) USER GUIDE},
  author       = {ORNL},
  year         = 2015,
  url          = {
    
    https://neutrons.ornl.gov/sites/default/files/High\%20Flux\%20Isotope\%20Reactor\%20User\%20Guide\%202.0.pdf
  },
  type         = {ONLINE},
  cite         = {hfiruserguide}
}
%%##################################################
%% ONLINE   wikivirialstress
%%##################################################
@online{wikivirialstress,
  title        = {Virial Stress},
  author       = {Wikipedia},
  year         = 2016,
  url          = {https://en.wikipedia.org/wiki/Virial\%5Fstress},
  type         = {ONLINE},
  cite         = {wikivirialstress}
}
%%##################################################
%% ARTICLE   CuandPd
%%##################################################
@article{CuandPd,
  title        = {
    First principles calculations of hydrogen storage on Cu and Pd-decorated
    graphene
  },
  author       = {L. Malakkal and R. K. Siripurapu},
  year         = 2016,
  journal      = {International Journal of Hydrogen Energy},
  volume       = 41,
  pages        = {17652--17656},
  type         = {ARTICLE},
  cite         = {CuandPd},
  issue        = {}
}
%%##################################################
%% ARTICLE   marwickris
%%##################################################
@article{marwickris,
  title        = {
    Segregation in irradiated alloys: The Inverse Kirkendall Effect and the effect of constitution on void swelling
  },
  author       = {A D Marwick},
  year         = 1978,
  journal      = {J. Phys. F: Met. Phys},
  volume       = 8,
  pages        = {1849--1862},
  type         = {ARTICLE},
  cite         = {marwickris},
  issue        = {}
}
%%##################################################
%% ARTICLE   johnstonris
%%##################################################
@article{johnstonris,
  title        = {
    Proc. Int. Con. on Radiation Effects in Breeder Reacror Structural Materials
  },
  author       = {W G Johnston and W G Morris and A M Turkalo},
  year         = 1977,
  journal      = {Metall. Soc. AIME},
  volume       = {},
  pages        = {421},
  type         = {ARTICLE},
  cite         = {johnstonris},
  issue        = {}
}
%%##################################################
%% BOOK   advancedbiomass
%%##################################################
@book{advancedbiomass,
  title        = {
    Advanced Biomass Gasification - New Concepts for Efficiency Increase and
    Product Flexibility
  },
  author       = {M M\"{u}ller and  P. U. Foscolo},
  year         = 2016,
  journal      = {},
  volume       = {},
  pages        = {},
  type         = {BOOK},
  cite         = {advancedbiomass},
  issue        = {}
}
%%##################################################
%% BOOK   dlpolymanual
%%##################################################
@book{dlpolymanual,
  title        = {The DL\_POLY\_4 User Manual},
  author       = {I.T.Todorov and W. Smith},
  year         = 2016,
  journal      = {},
  volume       = {},
  pages        = {},
  type         = {BOOK},
  cite         = {dlpolymanual},
  issue        = {4.08}
}
%%##################################################
%% ONLINE   spallationsource
%%##################################################
@online{spallationsource,
  title        = {Neutron Moderation},
  author       = {E. B. Iverson},
  year         = 2016,
  url          = {
    
    https://conference.sns.gov/event/56/attachments/64/99/Lecture\%5F2a\%5F-\%5FNeutron\%5FModeration\%5F-\%5FErik\%5FIverson.pdf
  },
  type         = {ONLINE},
  cite         = {spallationsource}
}
%%##################################################
%% BOOK   staehlecoriou
%%##################################################
@book{staehlecoriou,
  title        = {
    Historical views on stress corrosion cracking of nickel-based alloys: the
    Coriou effect
  },
  author       = {R.W. Staehle},
  year         = 2016,
  journal      = {
    Stress Corrosion Cracking of Nickel-based Alloys in Water-cooled Nuclear
    Reactors
  },
  volume       = {},
  pages        = {},
  type         = {BOOK},
  cite         = {staehlecoriou},
  issue        = {}
}
%%##################################################
%% ARTICLE   ScBiandYBi
%%##################################################
@article{ScBiandYBi,
  title        = {
    Structural phase transition, electronic and superconducting properties of
    ScBi and YBi
  },
  author       = {N. Acharya and S. P. Sanyal},
  year         = 2017,
  journal      = {Solid State Communications},
  volume       = 266,
  pages        = {39--45},
  type         = {ARTICLE},
  cite         = {ScBiandYBi},
  issue        = {}
}
%%##################################################
%% ARTICLE   ecHeuslerAlloy
%%##################################################
@article{ecHeuslerAlloy,
  title        = {
    Elastic constants and observed ferromagnetism in inverse Heusler alloy
    Ti2CoAs using kjpaw pseudopotentials - A first-principles approach
  },
  author       = {P. O. Adebambo and G. A. Adebayo},
  year         = 2017,
  journal      = {Journal of Alloys and Compounds},
  volume       = 722,
  pages        = {207--211},
  type         = {ARTICLE},
  cite         = {ecHeuslerAlloy},
  issue        = {}
}
%%##################################################
%% ARTICLE   fulijohanssonzhao
%%##################################################
@article{fulijohanssonzhao,
  title        = {
    Improved Finnis-Sinclair potential for vanadium-rich V-Ti-Cr ternary alloys
  },
  author       = {B. Johansson and J. Zhao},
  year         = 2017,
  journal      = {Journal of Alloys and Compounds},
  volume       = 705,
  pages        = {369--375},
  type         = {ARTICLE},
  cite         = {fulijohanssonzhao},
  issue        = {}
}
%%##################################################
%% BOOK   genIVstrucmat
%%##################################################
@book{genIVstrucmat,
  title        = {
    Irradiation-resistant Austenitic Steels as Core Materials for Generation IV
    Nuclear Reactors
  },
  author       = {J. L. Seran and M. Le Flem},
  year         = 2017,
  journal      = {},
  volume       = {},
  pages        = {285--328},
  type         = {BOOK},
  cite         = {genIVstrucmat},
  issue        = {}
}
%%##################################################
%% ARTICLE   proptial
%%##################################################
@article{proptial,
  title        = {Ab Initio Study of the Elastic and Mechanical Properties of B19 TiAl},
  author       = {L. Wang and  H. Liu and L. Song},
  year         = 2017,
  journal      = {Crystals},
  volume       = 7,
  pages        = {1--11},
  type         = {ARTICLE},
  cite         = {proptial},
  issue        = 39
}
%%##################################################
%% BOOK   genIVdpa
%%##################################################
@book{genIVdpa,
  title        = {Irradiation effects in Generation IV nuclear reactor materials},
  author       = {A. Aitkaliyeva and L. He and H. Wen and B. Miller and X. M. Bai and others},
  year         = 2017,
  journal      = {Structural Materials for Generation IV Nuclear Reactors},
  volume       = {},
  pages        = {253--283},
  type         = {BOOK},
  cite         = {genIVdpa},
  issue        = {}
}
@article{quantumespresso,
  title        = {Quantum Espresso},
  author       = {
    P Giannozzi and O Andreussi and T Brumme and O Bunau and M Buongiorno
    Nardelli and others
  },
  year         = 2017,
  journal      = {J Phys Condens Matter},
  volume       = 29,
  pages        = {},
  issue        = {}
}
%%##################################################
%% ONLINE   researchreactorstats
%%##################################################
@online{researchreactorstats,
  title        = {},
  author       = {World Nuclear},
  year         = 2018,
  url          = {
    
    http://www.world-nuclear.org/information-library/non-power-nuclear-applications/radioisotopes-research/research-reactors.aspx
  },
  type         = {ONLINE},
  cite         = {researchreactorstats}
}
%%##################################################
%% ONLINE   neptunereactor
%%##################################################
@online{neptunereactor,
  title        = {},
  author       = {IAEA},
  year         = 2018,
  url          = {https://nucleus.iaea.org/RRDB/RR/ReactorSearch.aspx},
  type         = {ONLINE},
  cite         = {neptunereactor}
}
%%##################################################
%% ONLINE   hfirornl
%%##################################################
@online{hfirornl,
  title        = {},
  author       = {ORNL},
  year         = 2018,
  url          = {https://neutrons.ornl.gov/hfir/parameters},
  type         = {ONLINE},
  cite         = {hfirornl}
}
%%##################################################
%% ONLINE   hfirornluserguide
%%##################################################
@online{hfirornluserguide,
  title        = {},
  author       = {ORNL},
  year         = 2018,
  url          = {
    https://neutrons.ornl.gov/sites/default/files/High Flux Isotope Reactor
    User Guide 2.0.pdf
  },
  type         = {ONLINE},
  cite         = {hfirornluserguide}
}
%%##################################################
%% ARTICLE   tungstenmd
%%##################################################
@article{tungstenmd,
  title        = {Molecular dynamics simulations of tungsten bombardments on tungsten},
  author       = {Jiechao Cui and Baoqin Fu},
  year         = 2018,
  journal      = {Nuclear Inst. and Methods in Physics Research B},
  volume       = {},
  pages        = {In Press},
  type         = {ARTICLE},
  cite         = {tungstenmd},
  issue        = {}
}
%%##################################################
%% ARTICLE   corrosionalloysmfs
%%##################################################
@article{corrosionalloysmfs,
  title        = {
    Corrosion of Structural Alloys in High-Temperature Molten Fluoride Salts
    for Applications in Molten Salt Reactors
  },
  author       = {G. Zheng and K. Sridharan},
  year         = 2018,
  journal      = {Journal of Materials},
  volume       = 70,
  pages        = {1535--1541},
  type         = {ARTICLE},
  cite         = {corrosionalloysmfs},
  issue        = 8
}
%%##################################################
%% ARTICLE   buckpot
%%##################################################
@article{buckpot,
  title        = {The formation of astrophysical Mg-rich silicate dust},
  author       = {Christopher M. Mauney and Davide Lazzati},
  year         = 2018,
  journal      = {Molecular Astrophysics},
  volume       = 12,
  pages        = {1--9},
  type         = {ARTICLE},
  cite         = {buckpot},
  issue        = {March}
}
%%##################################################
%% ARTICLE   bonnyfecr
%%##################################################
@article{bonnyfecr,
  title        = {Iron chromium potential to model high-chromium ferritic alloys},
  author       = {G. Bonny and R.C. Pasianotbcd and D. Terentyeva and L. Malerba},
  year         = 2011,
  journal      = {Philosophical Magazine},
  volume       = 91,
  pages        = {1724--1746},
  type         = {ARTICLE},
  cite         = {bonnyfecr},
  issue        = {April}
}
%%##################################################
%% ARTICLE   agrigscc
%%##################################################
@article{agrigscc,
  title        = {
    Investigation of thermally sensitised stainless steels as analogues for
    spent AGR fuel cladding to test a corrosion inhibitor for intergranular
    stress corrosion cracking
  },
  author       = {
    Guy O.H. Whillock and Brian J. Hands 1 and Tom P. Majchrowski 2 and David
    I. Hambley
  },
  year         = 2018,
  journal      = {Journal of Nuclear Materials journal},
  volume       = {},
  pages        = {187--198},
  type         = {ARTICLE},
  cite         = {agrigscc},
  issue        = 498
}
%%##################################################
%% ONLINE   fecrschaeffler
%%##################################################
@online{fecrschaeffler,
  title        = {BSSA},
  author       = {BSSA},
  year         = 2019,
  url          = {https://www.bssa.org.uk/topics.php\?article=121},
  type         = {ONLINE},
  cite         = {fecrschaeffler}
}
%%##################################################
%% ONLINE   srimwebsite
%%##################################################
@online{srimwebsite,
  title        = {The Stopping and Range of Ions in Matter},
  author       = {J. Ziegler},
  year         = 2019,
  url          = {http://www.srim.org/SRIM/SRIMINTRO.htm},
  type         = {ONLINE},
  cite         = {srimwebsite}
}
%%##################################################
%% ONLINE   marlinwiretemp
%%##################################################
@online{marlinwiretemp,
  title        = {},
  author       = {Marlin Wire},
  year         = 2019,
  url          = {https://www.marlinwire.com/},
  type         = {ONLINE},
  cite         = {marlinwiretemp}
}
%%##################################################
%% ONLINE   sizewellbtemp
%%##################################################
@online{sizewellbtemp,
  title        = {},
  author       = {IAEA},
  year         = 2019,
  url          = {
    
    https://inis.iaea.org/collection/NCLCollectionStore/\%5FPublic/29/010/29010110.pdf
  },
  type         = {ONLINE},
  cite         = {sizewellbtemp}
}
%%##################################################
%% ONLINE   crystaleos
%%##################################################
@online{crystaleos,
  title        = {Crystal: Equation of State},
  author       = {A. Mahmoud ad A. Erba},
  year         = 2019,
  url          = {http://tutorials.crystalsolutions.eu/tutorial.html?td=eos\&tf=eos\%5Ftut},
  type         = {ONLINE},
  cite         = {crystaleos}
}
%%##################################################
%% ONLINE   ppselloni
%%##################################################
@online{ppselloni,
  title        = {The plane wave‐pseudopotential method (basic aspects)},
  author       = {Annabella Selloni},
  year         = 2009,
  url          = {https://th.fhi-berlin.mpg.de/th/Meetings/DFT-workshop-Berlin2009/Talks/OnlinePublication/0624-2_20090623-1_Selloni_FINAL_2perA4_-_Selloni-Berlin2.pdf},
  type         = {ONLINE},
  cite         = {ppselloni}
}
%%##################################################
%% ARTICLE   perdewsimplemetals
%%##################################################
@article{perdewsimplemetals,
  title        = {
    Simple Theories for Simple Metals: Face-Dependent Surface Energies and Work Functions
  },
  author       = {John P Perdew},
  year         = 1995,
  journal      = {Progress in Surface Science},
  volume       = 48,
  pages        = {},
  type         = {ARTICLE},
  cite         = {perdewsimplemetals},
  issue        = 1-4
}
%%##################################################
%% ARTICLE   ldaggaperdew
%%##################################################
@article{ldaggaperdew,
  title        = {
    Density functionals from LDA to GGA
  },
  author       = {P. Ziesche and S. Jurth and J. P. Perdew},
  year         = 1998,
  journal      = {Computational Materials Science 11},
  volume       = 11,
  pages        = {122-127},
  type         = {ARTICLE},
  cite         = {ldaggaperdew},
  issue        = {}
}
%%##################################################
%% ARTICLE   perdewggamadesimple
%%##################################################
@article{perdewggamadesimple,
  title        = {
    Generalized Gradient Approximation Made Simple
  },
  author       = {John P Perdew and Kieron Burke and Matthias Ernzerhof},
  year         = 1996,
  journal      = {Physical Review Letters},
  volume       = 77,
  pages        = {3865-3868},
  type         = {ARTICLE},
  cite         = {perdewggamadesimple},
  issue        = 18
}
%%##################################################
%% ARTICLE   perdewggabackwardforward
%%##################################################
@article{perdewggabackwardforward,
  title        = {
    Generalized Gradient Approximations for exchange and correlation: A look backward and forward
  },
  author       = {John P Perdew},
  year         = {1991},
  journal      = {Physica B},
  volume       = {172},
  pages        = {1-6},
  type         = {ARTICLE},
  cite         = {perdewggabackwardforward},
  issue        = {}
}
%%##################################################
%% ARTICLE   perdewwang
%%##################################################
@article{perdewwang,
  title        = {
    Accnrate and simple analytic representation of the electron-gas correlation energy
  },
  author       = {J. P. Perdew and Y. Wang},
  year         = 1992,
  journal      = {Physical Review B},
  volume       = 45,
  pages        = {244-249},
  type         = {ARTICLE},
  cite         = {perdewwang},
  issue        = {23}
}
%%##################################################
%% ARTICLE   laalo3gga
%%##################################################
@article{laalo3gga,
  title        = {
    Ab initio study of the effect of pressure on the structural and electronic properties of cubic LaAl03 byt density function theory using GGA, LDA and PBESOL exchange correlation potentials
  },
  author       = {M R Benam and N Abdoshahi and M Majidiyan Sarmazdeh},
  year         = {2014},
  journal      = {Physica B},
  volume       = {446},
  pages        = {32-38},
  type         = {ARTICLE},
  cite         = {laalo3gga},
  issue        = {}
}
%%##################################################
%% ARTICLE   elasticprofecr
%%##################################################
@article{elasticprofecr,
  title        = {
    Elastic Properties of FeCr20 Ni8Xn (X = Mo, Nb, Ta, Ti, V, W and Zr)
    Austenitic Stainless Steels: A First Principles Study
  },
  author       = {Yuchen Dou and Hong Luo and Jing Zhang},
  year         = 2019,
  journal      = {Metals},
  volume       = 9,
  pages        = {},
  type         = {ARTICLE},
  cite         = {elasticprofecr},
  issue        = 145
}
%%##################################################
%% ARTICLE   iascckenikjonesbell
%%##################################################
@article{iascckenikjonesbell,
  title        = {
    Elastic Properties of FeCr20 Ni8Xn (X = Mo, Nb, Ta, Ti, V, W and Zr)
    Austenitic Stainless Steels: A First Principles Study
  },
  author       = {Yuchen Dou and Hong Luo and Jing Zhang},
  year         = 2019,
  journal      = {Metals},
  volume       = 9,
  pages        = {},
  type         = {ARTICLE},
  cite         = {iascckenikjonesbell},
  issue        = 145
}
%%##################################################
%% BOOK   wasstrucaustenitic
%%##################################################
@book{wasstrucaustenitic,
  title        = {Austenitic Stainless Steels},
  author       = {Gary S. Was and Shigeharu Ukai},
  year         = 2019,
  journal      = {Structural Alloys for Nuclear Energy Applications},
  volume       = {},
  pages        = {},
  type         = {BOOK},
  cite         = {wasstrucaustenitic},
  issue        = {}
}
%%##################################################
%% ARTICLE   surfaceenergy
%%##################################################
@article{surfaceenergy,
  title        = {
    A DFT based method for calculating the surface energies ofasymmetric MoP facets
  },
  author       = {X. Tian et al.},
  year         = {2018},
  journal      = {Applied Surface Science},
  volume       = {427},
  pages        = {357-365},
  type         = {ARTICLE},
  cite         = {surfaceenergy},
  issue        = {}
}
%%##################################################
%% BOOK   Solid State Basics
%%##################################################
@book{solidstatebasics,
  title        = {Solid State Basics},
  author       = {Steven H. Simon},
  year         = 2013,
  journal      = {},
  volume       = {},
  pages        = {},
  type         = {BOOK},
  cite         = {solidstatebasics},
  issue        = {}
}
%%##################################################
%% BOOK   Solid State Basics
%%##################################################
@book{aligningelectrons,
  title        = {Solid State Basics},
  author       = {Steven H. Simon},
  year         = 2013,
  journal      = {},
  volume       = {},
  pages        = {213},
  type         = {BOOK},
  cite         = {aligningelectrons},
  issue        = {}
}
%%##################################################
%% BOOK   Solid State Basics
%%##################################################
@book{solidstatebasicswcs,
  title        = {Solid State Basics},
  author       = {Steven H. Simon},
  year         = 2013,
  journal      = {},
  volume       = {},
  pages        = {115},
  type         = {BOOK},
  cite         = {solidstatebasicswcs},
  issue        = {}
}
%%##################################################
%% BOOK   physcondensed
%%##################################################
@book{physcondensed,
  title        = {Nearly Free Electron Model},
  author       = {Elsevier Inc},
  year         = 2012,
  journal      = {Structural Alloys for Nuclear Energy Applications},
  volume       = {},
  pages        = {},
  type         = {BOOK},
  cite         = {wasstrucaustenitic},
  issue        = {}
}
%%##################################################
%% ARTICLE   tendl2009
%%##################################################
@article{tendl2009,
  title        = {
    TENDL: Comprehensive Nuclear Data Library with Covariances
  },
  author       = {
    A.J. Koning and D. Rochman
  },
  year         = 2010,
  journal      = {},
  volume       = ,
  pages        = {},
  issue        = {}
}
%%##################################################
%% ARTICLE   tendl2017
%%##################################################
@article{tendl2017,
  title        = {
    TENDL: Comprehensive Nuclear Data Library with Covariances
  },
  author       = {
    A.J. Koning and D. Rochman and J. Sublet
  },
  year         = 2017,
  journal      = {},
  volume       = ,
  pages        = {},
  issue        = {}
}
%%##################################################
%% ARTICLE   tendl2019
%%##################################################
@article{tendl2019,
  title        = {
    TENDL: Complete Nuclear Data Library for Innovative Nuclear Science and
    Technology
  },
  author       = {
    A.J. Koning and D. Rochman and J. Sublet and N. Dzysiuk and M. Fleming and
    others
  },
  year         = 2019,
  journal      = {Nuclear Data Sheets},
  volume       = 155,
  pages        = {},
  issue        = {}
}
%%##################################################
%% ARTICLE   paynedftreview
%%##################################################
@article{paynedftreview,
  title        = {
    Iterative minimization techniques for ab initio total-energy calculations: molecular dynamics and conjugate gradients
  },
  author       = {
    M. C. Payne and M. P. Teter and D. C. Ailan and T. A. Arias and J. D. Joannopouios
  },
  year         = 1992,
  journal      = {REVIEWS OF MODERN PHYSICS},
  volume       = 64,
  pages        = {},
  issue        = {}
}




%%##################################################
%% ARTICLE   AdsorptionBR2
%%##################################################
@article{AdsorptionBR2,
  title        = {
    Adsorption of Br2 molecule on the Fe W(110) substrate - Energetics,
    electronic and magnetic properties
  },
  author       = {G. Dimitri Ngantso and A. T. Raji},
  year         = 2020,
  journal      = {Computational Condensed Matter},
  volume       = 23,
  pages        = {},
  type         = {ARTICLE},
  cite         = {AdsorptionBR2},
  issue        = {}
}
%%##################################################
%% ARTICLE   radionuclides
%%##################################################
@article{radionuclides,
  title        = {
    Analysis of nuclear reactions to determine the radionuclides generated and
    its activity in various devices
  },
  author       = {J. Rodenas and G. Verdu},
  year         = 2020,
  journal      = {Radiation Physics and Chemistry},
  volume       = 167,
  pages        = {1--6},
  type         = {ARTICLE},
  cite         = {radionuclides},
  issue        = {}
}
%%##################################################
%% ONLINE   abcdftsissa
%%##################################################
@online{abcdftsissa,
  title        = {},
  author       = {SISSA},
  year         = 2020,
  url          = {https://people.sissa.it/\~degironc/ES/lectures/ABCofDFT.pdf},
  type         = {ONLINE},
  cite         = {abcdftsissa}
}
%%##################################################
%% ONLINE   exforlink
%%##################################################
@online{exforlink,
  title        = {},
  author       = {NEA},
  year         = 2020,
  url          = {https://www-nds.iaea.org/exfor/},
  type         = {ONLINE},
  cite         = {exforlink}
}



%%##################################################
%% ONLINE   differentsteels
%%##################################################
@online{differentsteels,
  title        = {
    What Is The Difference Between Ferritic, Austenitic And Martensitic
    Stainless Steels?
  },
  author       = {Accu},
  year         = 2020,
  url          = {
    
    https://www.accu.co.uk/en/p/112-what-is-the-difference-between-ferritic-austenitic-martensitic-stainless-steels-accu
  },
  type         = {ONLINE},
  cite         = {differentsteels}
}
%%##################################################
%% ONLINE   crystengcommzirlo
%%##################################################
@online{crystengcommzirlo,
  title        = {
    Mechanical properties of zirconium alloys and zirconium hydrides predicted
    from density functional perturbation theory
  },
  author       = {Philippe F Weck and Eunja Kim and Veena Tikare and John A Mitchell},
  year         = 2020,
  url          = {https://www.osti.gov/pages/servlets/purl/1259850},
  type         = {ONLINE},
  cite         = {crystengcommzirlo}
}
%%##################################################
%% ONLINE   carnottheorem
%%##################################################
@online{carnottheorem,
  title        = {Carnot's theorem (thermodynamics)},
  author       = {Wikipedia},
  year         = 2020,
  url          = {https://en.wikipedia.org/wiki/Carnot\%27s\%5Ftheorem\%5F(thermodynamics)},
  type         = {ONLINE},
  cite         = {carnottheorem}
}
%%##################################################
%% ONLINE   ccppwiki
%%##################################################
@online{ccppwiki,
  title        = {Combined cycle power plant},
  author       = {Wikipedia},
  year         = 2020,
  url          = {https://en.wikipedia.org/wiki/Combined\%5Fcycle\%5Fpower\%5Fplant},
  type         = {ONLINE},
  cite         = {ccppwiki}
}
%%##################################################
%% ONLINE   genivgifvhtr
%%##################################################
@online{genivgifvhtr,
  title        = {Very-High-Temperature Reactor (VHTR)},
  author       = {GenIV International Forum},
  year         = 2020,
  url          = {https://www.gen-4.org/gif/jcms/c\%5F9362/vhtr},
  type         = {ONLINE},
  cite         = {genivgifvhtr}
}
%%##################################################
%% ONLINE   genivgifgfr
%%##################################################
@online{genivgifgfr,
  title        = {Gas-Cooled Fast Reactor (GFR)},
  author       = {GenIV International Forum},
  year         = 2020,
  url          = {https://www.gen-4.org/gif/jcms/c\%5F9357/gfr},
  type         = {ONLINE},
  cite         = {genivgifgfr}
}
%%##################################################
%% ONLINE   eprmat
%%##################################################
@online{eprmat,
  title        = {EPR Design Description},
  author       = {Framatome ANP, Inc},
  year         = 2020,
  url          = {https://www.nrc.gov/docs/ML0522/ML052280170.pdf},
  type         = {ONLINE},
  cite         = {eprmat}
}
%%##################################################
%% ONLINE   ap1000mat
%%##################################################
@online{ap1000mat,
  title        = {Status report 81 - Advanced Passive PWR (AP 1000)},
  author       = {IAEA},
  year         = 2020,
  url          = {https://aris.iaea.org/PDF/AP1000.pdf},
  type         = {ONLINE},
  cite         = {ap1000mat}
}



%%##################################################
%% ONLINE   uraniumenrichment
%%##################################################
@online{uraniumenrichment,
  title        = {Uranium Enrichment},
  author       = {World Nuclear},
  year         = 2020,
  url          = {https://www.world-nuclear.org/information-library/nuclear-fuel-cycle/conversion-enrichment-and-fabrication/uranium-enrichment.aspx
  },
  type         = {ONLINE},
  cite         = {uraniumenrichment}
}
%%##################################################
%% ONLINE   fccbccreciprocal
%%##################################################
@online{fccbccreciprocal,
  title        = {Physics for Solid State Applications},
  author       = {MIT},
  year         = 2004,
  url          = {http://web.mit.edu/6.730/www/ST04/Lectures/Lecture7.pdf},
  type         = {ONLINE},
  cite         = {fccbccreciprocal}
}
%%##################################################
%% ARTICLE   scalediagram
%%##################################################
@article{scalediagram,
  title        = {
    Theoretical insights into the surface physics and chemistry of redox-active
    oxides
  },
  author       = {Roger Rousseau and Vassiliki-Alexandra Glezakou and Annabella Selloni},
  year         = 2020,
  journal      = {Nature Reviews Materials},
  volume       = {},
  pages        = {460--475},
  url          = {https://www.nature.com/articles/s41578-020-0198-9},
  type         = {ARTICLE},
  cite         = {scalediagram},
  issue        = 5
}
%%##################################################
%% ONLINE   synchrotrons
%%##################################################
@online{synchrotrons,
  title        = {About Synchrotrons},
  author       = {Diamond},
  year         = 2020,
  url          = {https://www.diamond.ac.uk/Home/About/FAQs/About-Synchrotrons.html},
  type         = {ONLINE},
  cite         = {synchrotrons}
}
%%##################################################
%% ONLINE   webelementsni
%%##################################################
@online{webelementsni,
  title        = {Webelements: Nickel},
  author       = {webelements.com},
  year         = 2020,
  url          = {https://www.webelements.com/nickel},
  type         = {ONLINE},
  cite         = {webelementsni}
}
%%##################################################
%% ONLINE   webelementscr
%%##################################################
@online{webelementscr,
  title        = {Webelements: Chromium},
  author       = {webelements.com},
  year         = 2020,
  url          = {https://www.webelements.com/chromium},
  type         = {ONLINE},
  cite         = {webelementscr}
}
%%##################################################
%% ONLINE   webelementsfe
%%##################################################
@online{webelementsfe,
  title        = {Webelements: Iron},
  author       = {webelements.com},
  year         = 2020,
  url          = {https://www.webelements.com/iron},
  type         = {ONLINE},
  cite         = {webelementsfe}
}
%%##################################################
%% ONLINE   webelementsal
%%##################################################
@online{webelementsal,
  title        = {Webelements: Aluminium},
  author       = {webelements.com},
  year         = 2020,
  url          = {https://www.webelements.com/aluminium},
  type         = {ONLINE},
  cite         = {webelementsal}
}
%%##################################################
%% ONLINE   webelementspd
%%##################################################
@online{webelementspd,
  title        = {Webelements: Palladium},
  author       = {webelements.com},
  year         = 2020,
  url          = {https://www.webelements.com/palladium},
  type         = {ONLINE},
  cite         = {webelementspd}
}
%%##################################################
%% ONLINE   bandgap
%%##################################################
@online{bandgap,
  title        = {Energy Bands for Solids},
  author       = {Hyperphysics},
  year         = 2020,
  url          = {http://hyperphysics.phy-astr.gsu.edu/hbase/Solids/band.html},
  type         = {ONLINE},
  cite         = {bandgap}
}
%%##################################################
%% ONLINE   worldstainless
%%##################################################
@online{worldstainless,
  title        = {Stainless Steel: Tables o Technical Properties},
  author       = {World Stainless},
  year         = 2020,
  url          = {
    
    https://www.worldstainless.org/Files/issf/non-image-files/PDF/Euro\%5FInox/Tables\%5FTechnicalProperties\%5FEN.pdf
  },
  type         = {ONLINE},
  cite         = {worldstainless}
}
%%##################################################
%% ONLINE   rolledalloys
%%##################################################
@online{rolledalloys,
  title        = {What is alloy sensitization?},
  author       = {Rolled Alloys},
  year         = 2020,
  url          = {
    
    https://www.rolledalloys.com/dotAsset/50dc766c-08f5-43d9-bbda-5d9a9a2fa6d5.jpg
  },
  type         = {ONLINE},
  cite         = {rolledalloys}
}
%%##################################################
%% ONLINE   ferriticvsaustenitic
%%##################################################
@online{ferriticvsaustenitic,
  title        = {Metallurgy of Mo in stainless steel},
  author       = {Internatoinal Molybdenum Association},
  year         = 2020,
  url          = {
    
    https://www.imoa.info/molybdenum-uses/molybdenum-grade-stainless-steels/metallurgy-of-molybdenum-in-stainless-steel.php
  },
  type         = {ONLINE},
  cite         = {ferriticvsaustenitic}
}
%%##################################################
%% ONLINE   radisandvoid
%%##################################################
@online{radisandvoid,
  title        = {Radiation-Induced Segregation and Void Swelling in 304 Stainless Steel},
  author       = {T. R. Allen and J. I. Cole and E. A. Kenik},
  year         = 2000,
  url          = {https://www.osti.gov/servlets/purl/757550},
  type         = {ONLINE},
  cite         = {radisandvoid}
}
%%##################################################
%% ONLINE   tendlfeco
%%##################################################
@online{tendlfeco,
  title        = {Janis Book},
  author       = {NEA},
  year         = 2020,
  url          = {https://tendl.web.psi.ch/tendl\%5F2019/other/book-protons.pdf},
  type         = {ONLINE},
  cite         = {tendlfeco}
}
%%##################################################
%% ONLINE   ap1000dcd
%%##################################################
@online{ap1000dcd,
  title        = {AP1000 Design Control Document},
  author       = {United States Nuclear Regulatory Commission},
  year         = 2020,
  url          = {https://www.nrc.gov/docs/ML1117/ML11171A447.pdf},
  type         = {ONLINE},
  cite         = {ap1000dcd}
}
%%##################################################
%% ONLINE   ssina
%%##################################################
@online{ssina,
  title        = {Intergranular Corrosion},
  author       = {Speciality Steel Industry of North America},
  year         = 2020,
  url          = {https://www.ssina.com/education/corrosion/intergranular-corrosion/},
  type         = {ONLINE},
  cite         = {ssina}
}
%%##################################################
%% ONLINE   ftnppcost
%%##################################################
@online{ftnppcost,
  title        = {Cost of new Sizewell C Nuclear Plant},
  author       = {Financial Times},
  year         = 2020,
  url          = {https://www.ft.com/content/77c209f7-6d18-4609-ac3c-77d1b5b82b34},
  type         = {ONLINE},
  cite         = {ftnppcost}
}
%%##################################################
%% ONLINE   grainsizesteel
%%##################################################
@online{grainsizesteel,
  title        = {Microstructure and Mechanical Properties of
Pressure-Quenched SS304 Stainless Steel},
  author       = {Materials},
  year         = 2019,
  url          = {https://www.mdpi.com/1996-1944/12/2/290/pdf#:~:text=This%20material%20displays%20a%20typical,size%20and%20irregular%20grain%20shape.},
  type         = {ONLINE},
  cite         = {grainsizesteel}
}
%%##################################################
%% ONLINE   efgccgtcost
%%##################################################
@online{efgccgtcost,
  title        = {ESB opens 820m Euro Carrington Power Station in Manchester},
  author       = {Energy for Generations},
  year         = 2020,
  url          = {
    
    https://www.esb.ie/tns/press-centre/2017/2017/03/13/esb-opens-820m-carrington-power-station-in-manchester
  },
  type         = {ONLINE},
  cite         = {efgccgtcost}
}
%%##################################################
%% ARTICLE   potgieter1990a
%%##################################################
@article{potgieter1990a,
  title        = {Cathodic modification as a means of improving the corrosion resistance of alloys},
  author       = {J. H. Potgieter and A. M. Heyns and W. Skinner},
  year         = 1990,
  journal      = {Journal of Applied Electrochemistry},
  volume       = 20,
  pages        = {711--715},
  type         = {ARTICLE},
  cite         = {potgieter1990a},
  issue        = {}
}
%%##################################################
%% ARTICLE   potgieter1990b
%%##################################################
@article{potgieter1990b,
  title        = {Alloys cathodically modified with noble metals},
  author       = {J. H. Potgieter},
  year         = 1991,
  journal      = {Journal of Applied Electrochemistry},
  volume       = 21,
  pages        = {471--482},
  type         = {ARTICLE},
  cite         = {potgieter1990b},
  issue        = {28}
}
%%##################################################
%% ARTICLE   potgieter1994
%%##################################################
@article{potgieter1994,
  title        = {The effect of varying ruthenium content on the corrosion behavior of two cathodically modified superferritic stainless steels},
  author       = {J. H. Potgieter and A. Van Benekom},
  year         = 1994,
  journal      = {Canadian Metallurgical Quarterly},
  volume       = 34,
  pages        = {143--146},
  type         = {ARTICLE},
  cite         = {potgieter1994},
  issue        = {2}
}
%%##################################################
%% ARTICLE   noblemetalchemical
%%##################################################
@article{noblemetalchemical,
  title        = {Nobel Metal Chemical Addition for Mitigation of Stress Corrosion Cracking: Theoretical Insights and Applications},
  author       = {Pascal V. Grundler and Stefan Ritter},
  year         = 2014,
  journal      = {PPChem},
  volume       = {},
  pages        = {76--93},
  type         = {ARTICLE},
  cite         = {noblemetalchemical},
  issue        = {}
}

%%##################################################
%% ARTICLE   exforco55
%%##################################################
@article{exforco55,
  title        = {Cyclotron production of carrier-free cobalt-55.a new positron-emitting label for bleomycin},
  author       = {M.C.Lagunas-Solar and J.A.Jungerman},
  year         = 1979,
  journal      = {Applied Radiation and Isotopes},
  volume       = {30},
  pages        = {25},
  type         = {ARTICLE},
  cite         = {exforco55},
  issue        = {}
}


%%##################################################
%% ONLINE   qeforum
%%##################################################
@online{qeforum,
  title        = {QE Forum},
  author       = {Quantum Espresso},
  year         = 2022,
  url          = {https://lists.quantum-espresso.org/},
  type         = {ONLINE},
  cite         = {qeforum}
}


%%##################################################
%% ONLINE   materialssquaresingleatom
%%##################################################
@online{materialssquaresingleatom,
  title        = {Short but Important Calculation of a Single Atom},
  author       = {Materials Square},
  year         = 2022,
  url          = {https://www.materialssquare.com/blog/5-short-but-important-calculation-of-a-single-atom},
  type         = {ONLINE},
  cite         = {materialssquaresingleatom}
}
