%%##################################################
%% ONLINE   gen4
%%##################################################
@ONLINE{gen4,
    TYPE = "ONLINE",
    CITE = "gen4",
    AUTHOR = "H. Khartabil",
    TITLE = "Gen-4 Reactors",
    YEAR = "2013",
    URL = "http://www.gen-4.org/GIF/About/documents/25-Session2-3-Khartabil.pdf"
}

%%##################################################
%% ONLINE   ocw01
%%##################################################
@ONLINE{ocw01,
    TYPE = "ONLINE",
    CITE = "ocw01",
    AUTHOR = "MIT Open Courseware",
    TITLE = "Engineering of Nuclear Systems - Lecture 6A",
    YEAR = "2013",
    URL = "http://ocw.mit.edu/courses/nuclear-engineering/22-06-engineering-of-nuclear-systems-fall-2010/lectures-and-readings/MIT22\_06F10\_lec06a.pdf"
}

%%##################################################
%% ONLINE   ocw02
%%##################################################
@ONLINE{ocw02,
    TYPE = "ONLINE",
    CITE = "ocw02",
    AUTHOR = "MIT Open Courseware",
    TITLE = "Engineering of Nuclear Systems - Lecture 6B",
    YEAR = "2013",
    URL = "http://ocw.mit.edu/courses/nuclear-engineering/22-06-engineering-of-nuclear-systems-fall-2010/lectures-and-readings/MIT22\_06F10\_lec06b.pdf"
}
