

@ARTICLE{talys,
AUTHOR     = {D. Rochman, A. J. Koning},
TITLE      = {Modern Nuclear Data Evaluation With The TALYS Code System},
JOURNAL    = {Nuclear Data Sheets},
VOLUME     = {113},
ISSUE      = {},
PAGES      = {},
YEAR       = {2012},
}

@ARTICLE{srim,
AUTHOR     = {James F. Ziegler, M. D. Ziegler, J. P. Biersack},
TITLE      = {SRIM - The stopping and range of ions in matter},
JOURNAL    = {Nuclear Instruments and Methods in Physics Research Section B},
VOLUME     = {268},
ISSUE      = {},
PAGES      = {1818--1823},
YEAR       = {2010},
}

@ONLINE{decay,
AUTHOR     = {A. A. Sonzogni},
TITLE      = {Nuclear Data Services. www-nds.iaea.org},
YEAR       = {2006},
URL        = {http://www-nds.iaea.org/ndspub/download-endf/ENDF-B-VII.0/decay-index.htm},
URLDATE    = {2015-08-14},
}

@ARTICLE{endfvii,
AUTHOR     = {M. B. Chadwick, M. Herman},
TITLE      = {ENDF/B-VII.0: Next generation evaluated nuclear data library for nuclear science and technology.},
JOURNAL    = {Nucl. Data Sheets},
VOLUME     = {107},
ISSUE      = {},
PAGES      = {2931},
YEAR       = {2006},
}

@ARTICLE{talys1,
AUTHOR     = {A. J. Koning, S. Hilaire, M. C. Duijvestijn},
TITLE      = {TALYS-1.0.},
JOURNAL    = {Proceedings of the International Conference on Nuclear Data for Science and Technology},
VOLUME     = {},
ISSUE      = {},
PAGES      = {211--214},
YEAR       = {2007},
}

@ARTICLE{janis4,
AUTHOR     = {N. Soppera, M. Bossant, E. Dupont},
TITLE      = {JANIS 4: An Improved Version of the NEA Java-based Nuclear Data Information System},
JOURNAL    = {Nuclear Data Sheets},
VOLUME     = {120},
ISSUE      = {},
PAGES      = {294--296},
YEAR       = {2014},
}

@ARTICLE{bateman,
AUTHOR     = {H. Bateman},
TITLE      = {The solution of a system of differential equations occurring in the theory of radioactive transformations},
JOURNAL    = {Proc. Camb. Phil. Soc.},
VOLUME     = {15},
ISSUE      = {},
PAGES      = {423},
YEAR       = {1910},
}

@BOOK{mmfpe,
AUTHOR     = {K. F. Riley, M. P. Hobson, S. J. Bence},
TITLE      = {Mathematical Methods for Physics and Engineering},
JOURNAL    = {},
VOLUME     = {},
ISSUE      = {},
PAGES      = {},
YEAR       = {2007},
ISBN       = {978-0-521-67971-8},
}

@ARTICLE{stehfest,
AUTHOR     = {H. Stehfest},
TITLE      = {Algorithm 368: Numerical Inversion of Laplace Transform},
JOURNAL    = {Communications of the ACM},
VOLUME     = {13},
ISSUE      = {},
PAGES      = {47--49},
YEAR       = {1970},
}


@ARTICLE{matplotlib,
AUTHOR     = {J. D. Hunter},
TITLE      = {Matplotlib: A 2D graphics environment},
JOURNAL    = {Computing In Science \& Engineering},
VOLUME     = {9},
ISSUE      = {},
PAGES      = {90-95},
YEAR       = {2007},
}

@BOOK{jeff311,
AUTHOR     = {A. Santamarina, D. Bernard, P. Blaise, M. Coste, A. Courcelle, T.D. Huynh, C. Jouanne, P. Leconte, O. Litaize, S. Mengelle, G. Noguère, J-M. Ruggiéri, O. Sérot, J. Tommasi, C. Vaglio, J-F. Vidal },
TITLE      = {The JEFF-3.1.1 Nuclear Data Library},
JOURNAL    = {},
VOLUME     = {},
ISSUE      = {},
PAGES      = {},
YEAR       = {2009},
ISBN       = {978-92-64-99074-6},
}
