%%##################################################
%% ARTICLE   fenicrternaryphase
%%##################################################
@ARTICLE{fenicrternaryphase,
    TYPE = "ARTICLE",
    AUTHOR = "Jian-wei Su and Dong-ping Huang",
    TITLE = "Phase equilibria of the Fe–Cr–Ni ternary systems and interfacialreactions in Fe–Cr alloys with Ni substrate",
    JOURNAL = "Journal of Alloys and Compounds",
    YEAR = "2008",
    VOLUME = "457",
    ISSUE = "",
    PAGES = "270-278"
}

%%##################################################
%% ARTICLE   elsy01
%%##################################################
@ARTICLE{elsy01,
    TYPE = "ARTICLE",
    AUTHOR = "P. Agostini and S. Monti",
    TITLE = "European lead fast reactor - ELSY",
    JOURNAL = "Nuclear Engineering and Design",
    YEAR = "2011",
    VOLUME = "241",
    ISSUE = "",
    PAGES = "3470--3480"
}

%%##################################################
%% ARTICLE   morseparams001
%%##################################################
@ARTICLE{morseparams001,
    TYPE = "ARTICLE",
    AUTHOR = "L. A. Girifalco and V. G. Weizer",
    TITLE = "Application of the Morse potential function to cubic metals",
    JOURNAL = "Physics Review",
    YEAR = "1959",
    VOLUME = "114",
    ISSUE = "",
    PAGES = "687"
}

%%##################################################
%% ARTICLE   talys
%%##################################################
@ARTICLE{talys,
    TYPE = "ARTICLE",
    AUTHOR = "D. Rochman and A. J. Koning",
    TITLE = "Modern Nuclear Data Evaluation With The TALYS Code System",
    JOURNAL = "Nuclear Data Sheets",
    YEAR = "2012",
    VOLUME = "113",
    ISSUE = "",
    PAGES = ""
}

%%##################################################
%% ARTICLE   srim
%%##################################################
@ARTICLE{srim,
    TYPE = "ARTICLE",
    AUTHOR = "M. D. Ziegler and J. P. Biersack",
    TITLE = "SRIM - The stopping and range of ions in matter",
    JOURNAL = "Nuclear Instruments and Methods in Physics Research Section B",
    YEAR = "2010",
    VOLUME = "268",
    ISSUE = "",
    PAGES = "1818--1823"
}

%%##################################################
%% ARTICLE   endfvii
%%##################################################
@ARTICLE{endfvii,
    TYPE = "ARTICLE",
    AUTHOR = "M. B. Chadwick and M. Herman",
    TITLE = "ENDF B-VII.0 - Next generation evaluated nuclear data library for nuclear science and technology.",
    JOURNAL = "Nucl. Data Sheets",
    YEAR = "2006",
    VOLUME = "107",
    ISSUE = "",
    PAGES = "2931"
}

%%##################################################
%% ARTICLE   talys1
%%##################################################
@ARTICLE{talys1,
    TYPE = "ARTICLE",
    AUTHOR = "S. Hilaire and M. C. Duijvestijn",
    TITLE = "TALYS-1.0.",
    JOURNAL = "Proceedings of the International Conference on Nuclear Data for Science and Technology",
    YEAR = "2007",
    VOLUME = "",
    ISSUE = "",
    PAGES = "211--214"
}

%%##################################################
%% ARTICLE   janis4
%%##################################################
@ARTICLE{janis4,
    TYPE = "ARTICLE",
    AUTHOR = "M. Bossant and E. Dupont",
    TITLE = "JANIS 4 - An Improved Version of the NEA Java-based Nuclear Data Information System",
    JOURNAL = "Nuclear Data Sheets",
    YEAR = "2014",
    VOLUME = "120",
    ISSUE = "",
    PAGES = "294--296"
}

%%##################################################
%% ARTICLE   bateman
%%##################################################
@ARTICLE{bateman,
    TYPE = "ARTICLE",
    AUTHOR = "H. Bateman",
    TITLE = "The solution of a system of differential equations occurring in the theory of radioactive transformations",
    JOURNAL = "Proc. Camb. Phil. Soc.",
    YEAR = "1910",
    VOLUME = "15",
    ISSUE = "",
    PAGES = "423"
}

%%##################################################
%% ARTICLE   stehfest
%%##################################################
@ARTICLE{stehfest,
    TYPE = "ARTICLE",
    AUTHOR = "H. Stehfest",
    TITLE = "Algorithm 368 Numerical Inversion of Laplace Transform",
    JOURNAL = "Communications of the ACM",
    YEAR = "1970",
    VOLUME = "13",
    ISSUE = "",
    PAGES = "47--49"
}

%%##################################################
%% ARTICLE   matplotlib
%%##################################################
@ARTICLE{matplotlib,
    TYPE = "ARTICLE",
    AUTHOR = "J. D. Hunter",
    TITLE = "Matplotlib - A 2D graphics environment",
    JOURNAL = "Computing In Science \& Engineering",
    YEAR = "2007",
    VOLUME = "9",
    ISSUE = "",
    PAGES = "90-95"
}

%%##################################################
%% ARTICLE   pressuredepmehl
%%##################################################
@ARTICLE{pressuredepmehl,
    TYPE = "ARTICLE",
    AUTHOR = "Michael J. Mehl",
    TITLE = "Pressure depenence of the elastic moduli in aluminium-rich Al-Li compounds",
    JOURNAL = "Physical Review B",
    YEAR = "1993",
    VOLUME = "47",
    ISSUE = "5",
    PAGES = "2493-2500"
}

%%##################################################
%% ARTICLE   DftTiSiRavindran
%%##################################################
@ARTICLE{DftTiSiRavindran,
    TYPE = "ARTICLE",
    AUTHOR = "P. A. Korzhavyi and B. Johansson",
    TITLE = "Density functional theory for calculation of elastic properties of orthorhombic crystals - applications to TiSi2",
    JOURNAL = "Journal of Applied Physics",
    YEAR = "1998",
    VOLUME = "84",
    ISSUE = "9",
    PAGES = "4891-4904"
}

%%##################################################
%% ARTICLE   ElasticMeltingTemp
%%##################################################
@ARTICLE{ElasticMeltingTemp,
    TYPE = "ARTICLE",
    AUTHOR = "L. D. Brown and H. L. Marcus",
    TITLE = "Elastic Constants Versus Melting Temperature in Metals",
    JOURNAL = "Scripta Metallurgica",
    YEAR = "1984",
    VOLUME = "18",
    ISSUE = "",
    PAGES = "951-956"
}

%%##################################################
%% ARTICLE   AdsorptionBR2
%%##################################################
@ARTICLE{AdsorptionBR2,
    TYPE = "ARTICLE",
    AUTHOR = "G. Dimitri Ngantso and A. T. Raji",
    TITLE = "Adsorption of Br2 molecule on the Fe W(110) substrate - Energetics, electronic and magnetic properties",
    JOURNAL = "Computational Condensed Matter",
    YEAR = "2020",
    VOLUME = "23",
    ISSUE = "",
    PAGES = ""
}

%%##################################################
%% ARTICLE   NaDiffusion
%%##################################################
@ARTICLE{NaDiffusion,
    TYPE = "ARTICLE",
    AUTHOR = "A. E. Rezaee and M. Almasi-Kashi",
    TITLE = "The influence of point defects on Na diffusion in black phosphorene - first principles study",
    JOURNAL = "Journal Pre-proof",
    YEAR = "",
    VOLUME = "",
    ISSUE = "",
    PAGES = ""
}

%%##################################################
%% ARTICLE   ScBiandYBi
%%##################################################
@ARTICLE{ScBiandYBi,
    TYPE = "ARTICLE",
    AUTHOR = "N. Acharya and S. P. Sanyal",
    TITLE = "Structural phase transition, electronic and superconducting properties of ScBi and YBi",
    JOURNAL = "Solid State Communications",
    YEAR = "2017",
    VOLUME = "266",
    ISSUE = "",
    PAGES = "39-45"
}

%%##################################################
%% ARTICLE   CuandPd
%%##################################################
@ARTICLE{CuandPd,
    TYPE = "ARTICLE",
    AUTHOR = "L. Malakkal and R. K. Siripurapu",
    TITLE = "First principles calculations of hydrogen storage on Cu and Pd-decorated graphene",
    JOURNAL = "International Journal of Hydrogen Energy",
    YEAR = "2016",
    VOLUME = "41",
    ISSUE = "",
    PAGES = "17652-17656"
}

%%##################################################
%% ARTICLE   ecHeuslerAlloy
%%##################################################
@ARTICLE{ecHeuslerAlloy,
    TYPE = "ARTICLE",
    AUTHOR = "P. O. Adebambo and G. A. Adebayo",
    TITLE = "Elastic constants and observed ferromagnetism in inverse Heusler alloy Ti2CoAs using kjpaw pseudopotentials - A first-principles approach",
    JOURNAL = "Journal of Alloys and Compounds",
    YEAR = "2017",
    VOLUME = "722",
    ISSUE = "",
    PAGES = "207-211"
}

%%##################################################
%% ARTICLE   radionuclides
%%##################################################
@ARTICLE{radionuclides,
    TYPE = "ARTICLE",
    AUTHOR = "J. Rodenas and G. Verdu",
    TITLE = "Analysis of nuclear reactions to determine the radionuclides generated and its activity in various devices",
    JOURNAL = "Radiation Physics and Chemistry",
    YEAR = "2020",
    VOLUME = "167",
    ISSUE = "",
    PAGES = "1-6"
}

%%##################################################
%% ARTICLE   tungstenmd
%%##################################################
@ARTICLE{tungstenmd,
    TYPE = "ARTICLE",
    AUTHOR = "Jiechao Cui and Baoqin Fu",
    TITLE = "Molecular dynamics simulations of tungsten bombardments on tungsten",
    JOURNAL = "Nuclear Inst. and Methods in Physics Research B",
    YEAR = "2018",
    VOLUME = "",
    ISSUE = "",
    PAGES = "In Press"
}

%%##################################################
%% ARTICLE   twobandackland
%%##################################################
@ARTICLE{twobandackland,
    TYPE = "ARTICLE",
    AUTHOR = "Graeme J. Ackland",
    TITLE = "Two-band second moment model for transition metals and alloys",
    JOURNAL = "Condensed Materials",
    YEAR = "2005",
    VOLUME = "",
    ISSUE = "",
    PAGES = ""
}

%%##################################################
%% ARTICLE   twobandacklandreed
%%##################################################
@ARTICLE{twobandacklandreed,
    TYPE = "ARTICLE",
    AUTHOR = "Graeme J. Ackland and Stewart K. Reed",
    TITLE = "Two-band second moment model and an interatomic potential for caesium",
    JOURNAL = "Condensed Materials",
    YEAR = "2008",
    VOLUME = "",
    ISSUE = "",
    PAGES = ""
}

%%##################################################
%% ARTICLE   olssonfecr
%%##################################################
@ARTICLE{olssonfecr,
    TYPE = "ARTICLE",
    AUTHOR = "K. Nordlund and L. Malerba",
    TITLE = "Two-band modelling of alpha prime phase formation in Fe-Cr",
    JOURNAL = "Physical Review B",
    YEAR = "2005",
    VOLUME = "72",
    ISSUE = "",
    PAGES = ""
}

%%##################################################
%% ARTICLE   fulijohanssonzhao
%%##################################################
@ARTICLE{fulijohanssonzhao,
    TYPE = "ARTICLE",
    AUTHOR = "B. Johansson and J. Zhao",
    TITLE = "Improved Finnis-Sinclair potential for vanadium-rich V-Ti-Cr ternary alloys",
    JOURNAL = "Journal of Alloys and Compounds",
    YEAR = "2017",
    VOLUME = "705",
    ISSUE = "",
    PAGES = "369-375"
}

%%##################################################
%% ARTICLE   forcematchingmethod
%%##################################################
@ARTICLE{forcematchingmethod,
    TYPE = "ARTICLE",
    AUTHOR = "F. Ercolessi and J. B. Adams",
    TITLE = "Interatomic Potentials from First-Principles Calculations, the Force-Matching Method",
    JOURNAL = "Europhys. Lett.",
    YEAR = "1994",
    VOLUME = "26",
    ISSUE = "8",
    PAGES = "583-588"
}

%%##################################################
%% ARTICLE   shengeam
%%##################################################
@ARTICLE{shengeam,
    TYPE = "ARTICLE",
    AUTHOR = "H. Sheng and A. Cadien and T. Fujita and M. W. Chen",
    TITLE = "Highly Optimized Embedded-Atom-Method Potentials for Fourteen FCC Metals",
    JOURNAL = "Europhys. Lett.",
    YEAR = "1994",
    VOLUME = "26",
    ISSUE = "8",
    PAGES = "583-588"
}

%%##################################################
%% ARTICLE   murnaghaneq
%%##################################################
@ARTICLE{murnaghaneq,
    TYPE = "ARTICLE",
    AUTHOR = "F. D. Murnaghan",
    TITLE = "The Compressibility of Media Under Extreme Pressures",
    JOURNAL = "",
    YEAR = "1944",
    VOLUME = "",
    ISSUE = "",
    PAGES = ""
}

%%##################################################
%% ARTICLE   birchmurnaghaneq
%%##################################################
@ARTICLE{birchmurnaghaneq,
    TYPE = "ARTICLE",
    AUTHOR = "F. Birch",
    TITLE = "Finite elastic strain of cubic crystals",
    JOURNAL = "",
    YEAR = "1947",
    VOLUME = "",
    ISSUE = "",
    PAGES = ""
}

%%##################################################
%% ARTICLE   kirchheimpassive
%%##################################################
@ARTICLE{kirchheimpassive,
    TYPE = "ARTICLE",
    AUTHOR = "H. Knote and U. Stolz",
    TITLE = "The Passivity of Iron-Chromium Alloys",
    JOURNAL = "Corrosion Science",
    YEAR = "1989",
    VOLUME = "29",
    ISSUE = "7",
    PAGES = "899-917"
}

%%##################################################
%% ARTICLE   kirchheimcc
%%##################################################
@ARTICLE{kirchheimcc,
    TYPE = "ARTICLE",
    AUTHOR = "S. Hoffmann and H. Hofsass",
    TITLE = "Compositional Changes of Passive Films Due To Different Transport Rates and Preferential Dissolution",
    JOURNAL = "Corrosion Science",
    YEAR = "1990",
    VOLUME = "31",
    ISSUE = "",
    PAGES = "573-578"
}

%%##################################################
%% ARTICLE   nickeldiffusion
%%##################################################
@ARTICLE{nickeldiffusion,
    TYPE = "ARTICLE",
    AUTHOR = "A. Janotti and R.C. Reed",
    TITLE = "Diffusion rates of 3d transition metal solutes in nickel by first-principles calculations",
    JOURNAL = "Acta Materialia",
    YEAR = "2005",
    VOLUME = "53",
    ISSUE = "",
    PAGES = "2369-2376"
}

%%##################################################
%% ARTICLE   lightwaterallenbusby
%%##################################################
@ARTICLE{lightwaterallenbusby,
    TYPE = "ARTICLE",
    AUTHOR = "T.R. Allen and J.T. Busby",
    TITLE = "Radiation damage concerns for extended light water Reactor service",
    JOURNAL = "Journal of Materials",
    YEAR = "2009",
    VOLUME = "61",
    ISSUE = "",
    PAGES = "29-34"
}

%%##################################################
%% ARTICLE   bccfenimodel
%%##################################################
@ARTICLE{bccfenimodel,
    TYPE = "ARTICLE",
    AUTHOR = "S. Choudhury a and L. Barnard a and J.D. Tucker and T.R. Allen and B.D. Wirth and M. Asta and D. Morgan",
    TITLE = "Ab-initio based modelling of diffusion in dilute bcc Fe–Ni and Fe–Cr alloys and implications for radiation induced segregation",
    JOURNAL = "Journal of Materials",
    YEAR = "2011",
    VOLUME = "411",
    ISSUE = "",
    PAGES = "1-14"
}

%%##################################################
%% ARTICLE   kohnsham
%%##################################################
@ARTICLE{kohnsham,
    TYPE = "ARTICLE",
    AUTHOR = "W. Kohn and  L. J. Sham",
    TITLE = "Self-Consistent Equations Including Exchange and Correlation Effects",
    JOURNAL = "Physical Review",
    YEAR = "1965",
    VOLUME = "140",
    ISSUE = "",
    PAGES = ""
}

%%##################################################
%% ARTICLE   semiempiricalpots
%%##################################################
@ARTICLE{semiempiricalpots,
    TYPE = "ARTICLE",
    AUTHOR = "Jae-Hyeok Shim and  M. I. Baskes",
    TITLE = "Semiempirical atomic potentials for the fcc metals Cu, Ag, Au, Ni, Pd, Pt, Al, and Pb based on first and second nearest-neighbor modified embedded atom method",
    JOURNAL = "Physical Review B",
    YEAR = "2003",
    VOLUME = "68",
    ISSUE = "",
    PAGES = ""
}

%%##################################################
%% ARTICLE   dawbaskeseam
%%##################################################
@ARTICLE{dawbaskeseam,
    TYPE = "ARTICLE",
    AUTHOR = "M. S. Daw and  M. I. Baskes",
    TITLE = "Embedded-atom method Derivation and application to impurities, surfaces,and other defects in metals",
    JOURNAL = "Physical Review B",
    YEAR = "1984",
    VOLUME = "29",
    ISSUE = "12",
    PAGES = "6443-6453"
}

%%##################################################
%% ARTICLE   femendelev
%%##################################################
@ARTICLE{femendelev,
    TYPE = "ARTICLE",
    AUTHOR = "G. J. Ackland and  D. Y. Sun and M. Asta",
    TITLE = "Development of new interatomic potentials appropriate for crystalline and liquid iron",
    JOURNAL = "Philosophical Magazine",
    YEAR = "2003",
    VOLUME = "83",
    ISSUE = "",
    PAGES = "3977-3994"
}

%%##################################################
%% ARTICLE   feacklandmendelev
%%##################################################
@ARTICLE{feacklandmendelev,
    TYPE = "ARTICLE",
    AUTHOR = "G J Ackland and M I Mendelev and D JSrolovitz and S Han and A V Barashev",
    TITLE = "Development of an interatomic potential for phosphorus impurities in alpha-iron",
    JOURNAL = "Condensed Matter",
    YEAR = "2004",
    VOLUME = "16",
    ISSUE = "",
    PAGES = ""
}

%%##################################################
%% ARTICLE   proptial
%%##################################################
@ARTICLE{proptial,
    TYPE = "ARTICLE",
    AUTHOR = "L. Wang and  H. Liu and L. Song",
    TITLE = "Ab Initio Study of the Elastic and Mechanical Properties of B19 TiAl",
    JOURNAL = "Crystals",
    YEAR = "2017",
    VOLUME = "7",
    ISSUE = "39",
    PAGES = "1-11"
}

%%##################################################
%% ARTICLE   ghoshstability
%%##################################################
@ARTICLE{ghoshstability,
    TYPE = "ARTICLE",
    AUTHOR = "G. Ghosh",
    TITLE = "A first-principles study of cementite (Fe3C) and its alloyed counterparts, Elastic constants, elastic anisotropies, and isotropic elastic moduli",
    JOURNAL = "AIP Advances",
    YEAR = "2015",
    VOLUME = "5",
    ISSUE = "",
    PAGES = ""
}

%%##################################################
%% ARTICLE   Jamal2014
%%##################################################
@ARTICLE{Jamal2014,
    TYPE = "ARTICLE",
    AUTHOR = "M Jamal and S Jalali Asadabadi and Iftikhar Ahmad and H A Rahnamaye Aliabad",
    TITLE = "Elastic constants of cubic crystals",
    JOURNAL = "Computational Materials Science",
    YEAR = "2014",
    VOLUME = "95",
    PAGES = "592--599",
    URL = "http://dx.doi.org/10.1016/j.commatsci.2014.08.027"
}

%%##################################################
%% ARTICLE   elasticprofecr
%%##################################################
@ARTICLE{elasticprofecr,
    TYPE = "ARTICLE",
    AUTHOR = "Yuchen Dou and Hong Luo and Jing Zhang",
    TITLE = "Elastic Properties of FeCr20 Ni8Xn (X = Mo, Nb, Ta, Ti, V, W and Zr) Austenitic Stainless Steels, A First Principles Study",
    JOURNAL = "Metals",
    YEAR = "2019",
    VOLUME = "9",
    ISSUE = "145",
    PAGES = ""
}

%%##################################################
%% ARTICLE   hydrogenhtr
%%##################################################
@ARTICLE{hydrogenhtr,
    TYPE = "ARTICLE",
    AUTHOR = "Sangeeta Deokattey and K. Bhanumurthy and P. K. Vijayan and I. V. Dulera",
    TITLE = "Hydrogen production using high temperature reactors, an overview",
    JOURNAL = "Advances in Energy Research",
    YEAR = "2013",
    VOLUME = "1",
    ISSUE = "1",
    PAGES = "013-033"
}

%%##################################################
%% ARTICLE   corrosionalloysmfs
%%##################################################
@ARTICLE{corrosionalloysmfs,
    TYPE = "ARTICLE",
    AUTHOR = "G. Zheng and K. Sridharan",
    TITLE = "Corrosion of Structural Alloys in High-Temperature Molten Fluoride Salts for Applications in Molten Salt Reactors",
    JOURNAL = "Journal of Materials",
    YEAR = "2018",
    VOLUME = "70",
    ISSUE = "8",
    PAGES = "1535-1541 "
}

%%##################################################
%% ARTICLE   damagebcctungsten
%%##################################################
@ARTICLE{damagebcctungsten,
    TYPE = "ARTICLE",
    AUTHOR = "J. Fikar and R. Schäublin Ecole",
    TITLE = "Molecular dynamics simulation of radiation damage in bcc tungsten",
    JOURNAL = "Journal of Nuclear Materials",
    YEAR = "2009",
    VOLUME = "",
    ISSUE = "101",
    PAGES = "97-101"
}

%%##################################################
%% ARTICLE   damagebcciron
%%##################################################
@ARTICLE{damagebcciron,
    TYPE = "ARTICLE",
    AUTHOR = "Andrew F. Calder and David J. Bacon and Alexander V. Barashev and Yuri N. Osetsky",
    TITLE = "Computer simulation of cascade damage in a-iron with carbon in solution",
    JOURNAL = "Journal of Nuclear Materials",
    YEAR = "2008",
    VOLUME = "",
    ISSUE = "382",
    PAGES = "91-95"
}

%%##################################################
%% ARTICLE   scalediagram
%%##################################################
@ARTICLE{scalediagram,
    TYPE = "ARTICLE",
    AUTHOR = "Roger Rousseau and Vassiliki-Alexandra Glezakou and Annabella Selloni",
    TITLE = "Theoretical insights into the surface physics and chemistry of redox-active oxides",
    JOURNAL = "Nature Reviews Materials",
    YEAR = "2020",
    VOLUME = "",
    ISSUE = "5",
    PAGES = "460-475",
    URL = "https://www.nature.com/articles/s41578-020-0198-9"
}

%%##################################################
%% ARTICLE   buckpot
%%##################################################
@ARTICLE{buckpot,
    TYPE = "ARTICLE",
    AUTHOR = "Christopher M. Mauney and Davide Lazzati",
    TITLE = "The formation of astrophysical Mg-rich silicate dust",
    JOURNAL = "Molecular Astrophysics",
    YEAR = "2018",
    VOLUME = "12",
    ISSUE = "March",
    PAGES = "1-9"
}

%%##################################################
%% ARTICLE   marzarivanderbilt
%%##################################################
@ARTICLE{marzarivanderbilt,
    TYPE = "ARTICLE",
    AUTHOR = "N. Marzari and D. Vanderbilt and A. De Vita and M. C. Payne",
    TITLE = "Thermal Contraction and Disordering of the Al(110) Surface Nicola",
    JOURNAL = "Condensed Matter",
    YEAR = "2008",
    VOLUME = "",
    ISSUE = "110",
    PAGES = "4-7"
}

%%##################################################
%% ARTICLE   agrigscc
%%##################################################
@ARTICLE{agrigscc,
    TYPE = "ARTICLE",
    AUTHOR = "Guy O.H. Whillock and Brian J. Hands 1 and Tom P. Majchrowski 2 and David I. Hambley",
    TITLE = "Investigation of thermally sensitised stainless steels as analogues for spent AGR fuel cladding to test a corrosion inhibitor for intergranular stress corrosion cracking",
    JOURNAL = "Journal of Nuclear Materials journal",
    YEAR = "2018",
    VOLUME = "",
    ISSUE = "498",
    PAGES = "187-198"
}

%%##################################################
%% ARTICLE   fecrnisystem
%%##################################################
@ARTICLE{fecrnisystem,
    TYPE = "ARTICLE",
    AUTHOR = "Pugh JW and Nisbet JD.",
    TITLE = "A study of the iron-chromium-nickel ternary system",
    JOURNAL = "J Metals, Trans AIME",
    YEAR = "1950",
    VOLUME = "",
    ISSUE = "",
    PAGES = ""
}

%%##################################################
%% ARTICLE   scrstainless
%%##################################################
@ARTICLE{scrstainless,
    TYPE = "ARTICLE",
    AUTHOR = "D. W. Saxey and B. J. Connolly and C. Cooper and Y. Huang and C. R. M. Grovenor and G. D. W. Smith and K. Govender and S. B. Lyon and A. H. Sherry and A. R. Fones and A. D. Pratt",
    TITLE = "Understanding Stress Corrosion Resistant Stainless Steels at the Atomic Scale",
    JOURNAL = "",
    YEAR = "2010",
    VOLUME = "",
    ISSUE = "",
    PAGES = ""
}

%%##################################################
%% ARTICLE   tendl2019
%%##################################################
@ARTICLE{tendl2019,
    TYPE = "ARTICLE",
    AUTHOR = "A.J. Koning and D. Rochman and J. Sublet and N. Dzysiuk and M. Fleming and S. van der Marck",
    TITLE = "TENDL Complete Nuclear Data Library for Innovative Nuclear Science and Technology",
    JOURNAL = "Nuclear Data Sheets",
    YEAR = "2019",
    VOLUME = "155",
    ISSUE = "",
    PAGES = ""
}

%%##################################################
%% ARTICLE   quantumespresso
%%##################################################
@ARTICLE{quantumespresso,
    TYPE = "ARTICLE",
    AUTHOR = "P Giannozzi and O Andreussi and T Brumme and O Bunau and M Buongiorno Nardelli and S Baroni",
    TITLE = "Quantum Espresso",
    JOURNAL = "J Phys Condens Matter",
    YEAR = "2017",
    VOLUME = "29",
    ISSUE = "",
    PAGES = ""
}

