

@ARTICLE{talys,
AUTHOR     = {D. Rochman, A. J. Koning},
TITLE      = {Modern Nuclear Data Evaluation With The TALYS Code System},
JOURNAL    = {Nuclear Data Sheets},
VOLUME     = {113},
ISSUE      = {},
PAGES      = {},
YEAR       = {2012},
}

@ARTICLE{srim,
AUTHOR     = {James F. Ziegler, M. D. Ziegler, J. P. Biersack},
TITLE      = {SRIM - The stopping and range of ions in matter},
JOURNAL    = {Nuclear Instruments and Methods in Physics Research Section B},
VOLUME     = {268},
ISSUE      = {},
PAGES      = {1818--1823},
YEAR       = {2010},
}

@ONLINE{decay,
AUTHOR     = {A. A. Sonzogni},
TITLE      = {Nuclear Data Services. www-nds.iaea.org},
YEAR       = {2006},
URL        = {http://www-nds.iaea.org/ndspub/download-endf/ENDF-B-VII.0/decay-index.htm},
URLDATE    = {2015-08-14},
}

@ARTICLE{endfvii,
AUTHOR     = {M. B. Chadwick, M. Herman},
TITLE      = {ENDF/B-VII.0: Next generation evaluated nuclear data library for nuclear science and technology.},
JOURNAL    = {Nucl. Data Sheets},
VOLUME     = {107},
ISSUE      = {},
PAGES      = {2931},
YEAR       = {2006},
}

@ARTICLE{talys1,
AUTHOR     = {A. J. Koning, S. Hilaire, M. C. Duijvestijn},
TITLE      = {TALYS-1.0.},
JOURNAL    = {Proceedings of the International Conference on Nuclear Data for Science and Technology},
VOLUME     = {},
ISSUE      = {},
PAGES      = {211--214},
YEAR       = {2007},
}

@ARTICLE{janis4,
AUTHOR     = {N. Soppera, M. Bossant, E. Dupont},
TITLE      = {JANIS 4: An Improved Version of the NEA Java-based Nuclear Data Information System},
JOURNAL    = {Nuclear Data Sheets},
VOLUME     = {120},
ISSUE      = {},
PAGES      = {294--296},
YEAR       = {2014},
}

@ARTICLE{bateman,
AUTHOR     = {H. Bateman},
TITLE      = {The solution of a system of differential equations occurring in the theory of radioactive transformations},
JOURNAL    = {Proc. Camb. Phil. Soc.},
VOLUME     = {15},
ISSUE      = {},
PAGES      = {423},
YEAR       = {1910},
}

@BOOK{mmfpe,
AUTHOR     = {K. F. Riley, M. P. Hobson, S. J. Bence},
TITLE      = {Mathematical Methods for Physics and Engineering},
JOURNAL    = {},
VOLUME     = {},
ISSUE      = {},
PAGES      = {},
YEAR       = {2007},
ISBN       = {978-0-521-67971-8},
}

@ARTICLE{stehfest,
AUTHOR     = {H. Stehfest},
TITLE      = {Algorithm 368: Numerical Inversion of Laplace Transform},
JOURNAL    = {Communications of the ACM},
VOLUME     = {13},
ISSUE      = {},
PAGES      = {47--49},
YEAR       = {1970},
}


@ARTICLE{matplotlib,
AUTHOR     = {J. D. Hunter},
TITLE      = {Matplotlib: A 2D graphics environment},
JOURNAL    = {Computing In Science \& Engineering},
VOLUME     = {9},
ISSUE      = {},
PAGES      = {90-95},
YEAR       = {2007},
}

@BOOK{jeff311,
AUTHOR     = {A. Santamarina, D. Bernard, P. Blaise, M. Coste, A. Courcelle, T.D. Huynh, C. Jouanne, P. Leconte, O. Litaize, S. Mengelle, G. Noguère, J-M. Ruggiéri, O. Sérot, J. Tommasi, C. Vaglio, J-F. Vidal },
TITLE      = {The JEFF-3.1.1 Nuclear Data Library},
JOURNAL    = {},
VOLUME     = {},
ISSUE      = {},
PAGES      = {},
YEAR       = {2009},
ISBN       = {978-92-64-99074-6},
}
@ARTICLE{vonNeumannRNGQuote,
AUTHOR     = {John von Neumann, George E. Forsythe},
TITLE      = {Various Techniques Used in Connection With Random Digits},
JOURNAL    = {J. Res. Nat. Bur. Stand. Appl. Math},
VOLUME     = {Series 3},
ISSUE      = {36-38},
PAGES      = {},
YEAR       = {1951},
}
@ONLINE{gen4,
author     = {H. Khartabil},
title      = {Gen-4 Reactors},
year       = {2013},
url        = {http://www.gen-4.org/GIF/About/documents/25-Session2-3-Khartabil.pdf},
urldate    = {2013-05-20},
}

@ONLINE{ocw01,
author     = {MIT Open Courseware},
title      = {Engineering of Nuclear Systems - Lecture 6A},
year       = {2013},
url        = {http://ocw.mit.edu/courses/nuclear-engineering/22-06-engineering-of-nuclear-systems-fall-2010/lectures-and-readings/MIT22_06F10_lec06a.pdf},
urldate    = {2013-05-20},
}

@ONLINE{ocw02,
author     = {MIT Open Courseware},
title      = {Engineering of Nuclear Systems - Lecture 6B},
year       = {2013},
url        = {http://ocw.mit.edu/courses/nuclear-engineering/22-06-engineering-of-nuclear-systems-fall-2010/lectures-and-readings/MIT22_06F10_lec06b.pdf},
urldate    = {2013-05-20},
}

@ONLINE{fecrschaeffler,
author     = {BSSA},
title      = {BSSA},
year       = {2019},
url        = {https://www.bssa.org.uk/topics.php\?article=121},
urldate    = {2019-03-20},
}

@ARTICLE{fenicrternaryphase,
AUTHOR     = {Yee-wen Yen, Jian-wei Su, Dong-ping Huang},
TITLE      = {Phase equilibria of the Fe–Cr–Ni ternary systems and interfacialreactions in Fe–Cr alloys with Ni substrate},
JOURNAL    = {Journal of Alloys and Compounds},
VOLUME     = {457},
ISSUE      = {},
PAGES      = {270-278},
YEAR       = {2008},
}

@ARTICLE{elsy01,
AUTHOR     = {A. Alemberti, J. Carlsson, E. Malambu, A. Orden, D. Struwe, P. Agostini, S. Monti},
TITLE      = {European lead fast reactor - ELSY},
JOURNAL    = {Nuclear Engineering and Design},
VOLUME     = {241},
ISSUE      = {},
PAGES      = {3470--3480},
YEAR       = {2011},
}

@ONLINE{lma001,
author     = {Prof. A. Zisserman},
title      = {Optimization Lecture 2},
year       = {2014},
url        = {http://www.robots.ox.ac.uk/~az/lectures/b1/lect2.pdf},
urldate    = {2015-07-25},
}

@ONLINE{lenjonesparams001,
author     = {Richards Centre at Yale University},
title      = {Van der Waals Potential Energy},
year       = {2013},
url        = {http://www.csb.yale.edu/userguides/datamanip/autodock/html/Using_AutoDock_305.a.html},
urldate    = {2016-05-24},
}

@ONLINE{morseparams001,
AUTHOR     = {L. A. Girifalco, V. G. Weizer},
TITLE      = {Application of the Morse potential function to cubic metals},
JOURNAL    = {Physics Review},
VOLUME     = {114},
ISSUE      = {},
PAGES      = {687},
YEAR       = {1959},
}



@ARTICLE{talys,
AUTHOR     = {D. Rochman, A. J. Koning},
TITLE      = {Modern Nuclear Data Evaluation With The TALYS Code System},
JOURNAL    = {Nuclear Data Sheets},
VOLUME     = {113},
ISSUE      = {},
PAGES      = {},
YEAR       = {2012},
}

@ARTICLE{srim,
AUTHOR     = {James F. Ziegler, M. D. Ziegler, J. P. Biersack},
TITLE      = {SRIM - The stopping and range of ions in matter},
JOURNAL    = {Nuclear Instruments and Methods in Physics Research Section B},
VOLUME     = {268},
ISSUE      = {},
PAGES      = {1818--1823},
YEAR       = {2010},
}

@ONLINE{decay,
AUTHOR     = {A. A. Sonzogni},
TITLE      = {Nuclear Data Services. www-nds.iaea.org},
YEAR       = {2006},
URL        = {http://www-nds.iaea.org/ndspub/download-endf/ENDF-B-VII.0/decay-index.htm},
URLDATE    = {2015-08-14},
}

@ARTICLE{endfvii,
AUTHOR     = {M. B. Chadwick, M. Herman},
TITLE      = {ENDF B-VII.0 - Next generation evaluated nuclear data library for nuclear science and technology.},
JOURNAL    = {Nucl. Data Sheets},
VOLUME     = {107},
ISSUE      = {},
PAGES      = {2931},
YEAR       = {2006},
}

@ARTICLE{talys1,
AUTHOR     = {A. J. Koning, S. Hilaire, M. C. Duijvestijn},
TITLE      = {TALYS-1.0.},
JOURNAL    = {Proceedings of the International Conference on Nuclear Data for Science and Technology},
VOLUME     = {},
ISSUE      = {},
PAGES      = {211--214},
YEAR       = {2007},
}

@ARTICLE{janis4,
AUTHOR     = {N. Soppera, M. Bossant, E. Dupont},
TITLE      = {JANIS 4 - An Improved Version of the NEA Java-based Nuclear Data Information System},
JOURNAL    = {Nuclear Data Sheets},
VOLUME     = {120},
ISSUE      = {},
PAGES      = {294--296},
YEAR       = {2014},
}

@ARTICLE{bateman,
AUTHOR     = {H. Bateman},
TITLE      = {The solution of a system of differential equations occurring in the theory of radioactive transformations},
JOURNAL    = {Proc. Camb. Phil. Soc.},
VOLUME     = {15},
ISSUE      = {},
PAGES      = {423},
YEAR       = {1910},
}

@BOOK{mmfpe,
AUTHOR     = {K. F. Riley, M. P. Hobson, S. J. Bence},
TITLE      = {Mathematical Methods for Physics and Engineering},
JOURNAL    = {},
VOLUME     = {},
ISSUE      = {},
PAGES      = {},
YEAR       = {2007},
ISBN       = {978-0-521-67971-8},
}

@ARTICLE{stehfest,
AUTHOR     = {H. Stehfest},
TITLE      = {Algorithm 368 Numerical Inversion of Laplace Transform},
JOURNAL    = {Communications of the ACM},
VOLUME     = {13},
ISSUE      = {},
PAGES      = {47--49},
YEAR       = {1970},
}


@ARTICLE{matplotlib,
AUTHOR     = {J. D. Hunter},
TITLE      = {Matplotlib - A 2D graphics environment},
JOURNAL    = {Computing In Science \& Engineering},
VOLUME     = {9},
ISSUE      = {},
PAGES      = {90-95},
YEAR       = {2007},
}

@BOOK{jeff311,
AUTHOR     = {A. Santamarina, D. Bernard, P. Blaise, M. Coste, A. Courcelle, T.D. Huynh, C. Jouanne, P. Leconte, O. Litaize, S. Mengelle, G. Noguère, J-M. Ruggiéri, O. Sérot, J. Tommasi, C. Vaglio, J-F. Vidal },
TITLE      = {The JEFF-3.1.1 Nuclear Data Library},
JOURNAL    = {},
VOLUME     = {},
ISSUE      = {},
PAGES      = {},
YEAR       = {2009},
ISBN       = {978-92-64-99074-6},
}


@BOOK{elasticpropertiesmehl,
AUTHOR     = {M. J. Mehl, B. M. Klein, D. A. Papaconstantopoulos},
TITLE      = {First Principles Calculations of Elastic Properties of Metals},
JOURNAL    = {},
VOLUME     = {},
ISSUE      = {},
PAGES      = {},
YEAR       = {1994},
ISBN       = {},
}


@ARTICLE{pressuredepmehl,
AUTHOR     = {Michael J. Mehl},
TITLE      = {Pressure depenence of the elastic moduli in aluminium-rich Al-Li compounds},
JOURNAL    = {Physical Review B},
VOLUME     = {47},
ISSUE      = {5},
PAGES      = {2493-2500},
YEAR       = {1993},
}


@ARTICLE{DftTiSiRavindran,
AUTHOR     = {P. Ravindran, Lars Fast, P. A. Korzhavyi, B. Johansson},
TITLE      = {Density functional theory for calculation of elastic properties of orthorhombic crystals - applications to TiSi2},
JOURNAL    = {Journal of Applied Physics},
VOLUME     = {84},
ISSUE      = {9},
PAGES      = {4891-4904},
YEAR       = {1998},
}



@ARTICLE{ElasticMeltingTemp,
AUTHOR     = {M. E. Fine, L. D. Brown, H. L. Marcus},
TITLE      = {Elastic Constants Versus Melting Temperature in Metals},
JOURNAL    = {Scripta Metallurgica},
VOLUME     = {18},
ISSUE      = {},
PAGES      = {951-956},
YEAR       = {1984},
}


@ARTICLE{AdsorptionBR2,
AUTHOR     = {A. L. Okana-Lomanga, B. R. Malonda-Boungou, G. Dimitri Ngantso, A. T. Raji},
TITLE      = {Adsorption of Br2 molecule on the Fe W(110) substrate - Energetics, electronic and magnetic properties},
JOURNAL    = {Computational Condensed Matter},
VOLUME     = {23},
ISSUE      = {},
PAGES      = {},
YEAR       = {2020},
}


@ARTICLE{NaDiffusion,
AUTHOR     = {A. E. Rezaee, M. Almasi-Kashi},
TITLE      = {The influence of point defects on Na diffusion in black phosphorene - first principles study},
JOURNAL    = {Journal Pre-proof},
VOLUME     = {},
ISSUE      = {},
PAGES      = {},
YEAR       = {},
}


@ARTICLE{ScBiandYBi,
AUTHOR     = {N. Acharya, S. P. Sanyal},
TITLE      = {Structural phase transition, electronic and superconducting properties of ScBi and YBi},
JOURNAL    = {Solid State Communications},
VOLUME     = {266},
ISSUE      = {},
PAGES      = {39-45},
YEAR       = {2017},
}


@ARTICLE{CuandPd,
AUTHOR     = {A. Choudhary, L. Malakkal, R. K. Siripurapu},
TITLE      = {First principles calculations of hydrogen storage on Cu and Pd-decorated graphene},
JOURNAL    = {International Journal of Hydrogen Energy},
VOLUME     = {41},
ISSUE      = {},
PAGES      = {17652-17656},
YEAR       = {2016},
}


@ARTICLE{ecHeuslerAlloy,
AUTHOR     = {O. E. Osafile, P. O. Adebambo, G. A. Adebayo},
TITLE      = {Elastic constants and observed ferromagnetism in inverse Heusler alloy Ti2CoAs using kjpaw pseudopotentials - A first-principles approach},
JOURNAL    = {Journal of Alloys and Compounds},
VOLUME     = {722},
ISSUE      = {},
PAGES      = {207-211},
YEAR       = {2017},
}


@ARTICLE{radionuclides,
AUTHOR     = {J. Rodenas, G. Verdu},
TITLE      = {Analysis of nuclear reactions to determine the radionuclides generated and its activity in various devices},
JOURNAL    = {Radiation Physics and Chemistry},
VOLUME     = {167},
ISSUE      = {},
PAGES      = {1-6},
YEAR       = {2020},
}


@ONLINE{radiationamounts,
author     = {Ministry of Defence},
title      = {Radioactivity and Health},
year       = {2012},
url        = {https://assets.publishing.service.gov.uk/government/uploads/system/uploads/attachment_data/file/34103/SDP_FS4_RadioactivityandHealthWEB.pdf},
urldate    = {2020-03-27},
}
















@ONLINE{gen4,
author     = {H. Khartabil},
title      = {Gen-4 Reactors},
year       = {2013},
url        = {http://www.gen-4.org/GIF/About/documents/25-Session2-3-Khartabil.pdf},
urldate    = {2013-05-20},
}

@ONLINE{ocw01,
author     = {MIT Open Courseware},
title      = {Engineering of Nuclear Systems - Lecture 6A},
year       = {2013},
url        = {http://ocw.mit.edu/courses/nuclear-engineering/22-06-engineering-of-nuclear-systems-fall-2010/lectures-and-readings/MIT22_06F10_lec06a.pdf},
urldate    = {2013-05-20},
}

@ONLINE{ocw02,
author     = {MIT Open Courseware},
title      = {Engineering of Nuclear Systems - Lecture 6B},
year       = {2013},
url        = {http://ocw.mit.edu/courses/nuclear-engineering/22-06-engineering-of-nuclear-systems-fall-2010/lectures-and-readings/MIT22_06F10_lec06b.pdf},
urldate    = {2013-05-20},
}

@ARTICLE{elsy01,
AUTHOR     = {A. Alemberti, J. Carlsson, E. Malambu, A. Orden, D. Struwe, P. Agostini, S. Monti},
TITLE      = {European lead fast reactor - ELSY},
JOURNAL    = {Nuclear Engineering and Design},
VOLUME     = {241},
ISSUE      = {},
PAGES      = {3470--3480},
YEAR       = {2011},
}

@ONLINE{lma001,
author     = {Prof. A. Zisserman},
title      = {Optimization Lecture 2},
year       = {2014},
url        = {http://www.robots.ox.ac.uk/~az/lectures/b1/lect2.pdf},
urldate    = {2015-07-25},
}

@ONLINE{lenjonesparams001,
author     = {Richards Centre at Yale University},
title      = {Van der Waals Potential Energy},
year       = {2013},
url        = {http://www.csb.yale.edu/userguides/datamanip/autodock/html/Using_AutoDock_305.a.html},
urldate    = {2016-05-24},
}

@ONLINE{morseparams001,
AUTHOR     = {L. A. Girifalco, V. G. Weizer},
TITLE      = {Application of the Morse potential function to cubic metals},
JOURNAL    = {Physics Review},
VOLUME     = {114},
ISSUE      = {},
PAGES      = {687},
YEAR       = {1959},
}


@ONLINE{researchreactorstats,
author     = {World Nuclear},
title      = {},
year       = {2018},
url        = {http://www.world-nuclear.org/information-library/non-power-nuclear-applications/radioisotopes-research/research-reactors.aspx},
urldate    = {2018-11-08},
}

@ONLINE{neptunereactor,
author     = {IAEA},
title      = {},
year       = {2018},
url        = {https://nucleus.iaea.org/RRDB/RR/ReactorSearch.aspx},
urldate    = {2018-11-08},
}

@ONLINE{hfirornl,
author     = {ORNL},
title      = {},
year       = {2018},
url        = {https://neutrons.ornl.gov/hfir/parameters},
urldate    = {2018-11-10},
}

@ONLINE{hfirornluserguide,
author     = {ORNL},
title      = {},
year       = {2018},
url        = {https://neutrons.ornl.gov/sites/default/files/High Flux Isotope Reactor User Guide 2.0.pdf},
urldate    = {2018-11-11},
}



@ARTICLE{talys,
AUTHOR     = {D. Rochman, A. J. Koning},
TITLE      = {Modern Nuclear Data Evaluation With The TALYS Code System},
JOURNAL    = {Nuclear Data Sheets},
VOLUME     = {113},
ISSUE      = {},
PAGES      = {},
YEAR       = {2012},
}

@ARTICLE{srim,
AUTHOR     = {James F. Ziegler, M. D. Ziegler, J. P. Biersack},
TITLE      = {SRIM - The stopping and range of ions in matter},
JOURNAL    = {Nuclear Instruments and Methods in Physics Research Section B},
VOLUME     = {268},
ISSUE      = {},
PAGES      = {1818--1823},
YEAR       = {2010},
}

@ONLINE{decay,
AUTHOR     = {A. A. Sonzogni},
TITLE      = {Nuclear Data Services. www-nds.iaea.org},
YEAR       = {2006},
URL        = {http://www-nds.iaea.org/ndspub/download-endf/ENDF-B-VII.0/decay-index.htm},
URLDATE    = {2015-08-14},
}

@ARTICLE{endfvii,
AUTHOR     = {M. B. Chadwick, M. Herman},
TITLE      = {ENDF/B-VII.0: Next generation evaluated nuclear data library for nuclear science and technology.},
JOURNAL    = {Nucl. Data Sheets},
VOLUME     = {107},
ISSUE      = {},
PAGES      = {2931},
YEAR       = {2006},
}

@ARTICLE{talys1,
AUTHOR     = {A. J. Koning, S. Hilaire, M. C. Duijvestijn},
TITLE      = {TALYS-1.0.},
JOURNAL    = {Proceedings of the International Conference on Nuclear Data for Science and Technology},
VOLUME     = {},
ISSUE      = {},
PAGES      = {211--214},
YEAR       = {2007},
}

@ARTICLE{janis4,
AUTHOR     = {N. Soppera, M. Bossant, E. Dupont},
TITLE      = {JANIS 4: An Improved Version of the NEA Java-based Nuclear Data Information System},
JOURNAL    = {Nuclear Data Sheets},
VOLUME     = {120},
ISSUE      = {},
PAGES      = {294--296},
YEAR       = {2014},
}

@ARTICLE{bateman,
AUTHOR     = {H. Bateman},
TITLE      = {The solution of a system of differential equations occurring in the theory of radioactive transformations},
JOURNAL    = {Proc. Camb. Phil. Soc.},
VOLUME     = {15},
ISSUE      = {},
PAGES      = {423},
YEAR       = {1910},
}


@BOOK{srimbook,
AUTHOR     = {J. F. Ziegler, J. P. Biersack, M. D. Ziegler},
TITLE      = {The Stopping and Range of Ions in Matter},
JOURNAL    = {},
VOLUME     = {},
ISSUE      = {},
PAGES      = {},
YEAR       = {2015},
ISBN       = {978-0-9654207-1-6},
}

@BOOK{mmfpe,
AUTHOR     = {K. F. Riley, M. P. Hobson, S. J. Bence},
TITLE      = {Mathematical Methods for Physics and Engineering},
JOURNAL    = {},
VOLUME     = {},
ISSUE      = {},
PAGES      = {},
YEAR       = {2007},
ISBN       = {978-0-521-67971-8},
}

@ARTICLE{stehfest,
AUTHOR     = {H. Stehfest},
TITLE      = {Algorithm 368: Numerical Inversion of Laplace Transform},
JOURNAL    = {Communications of the ACM},
VOLUME     = {13},
ISSUE      = {},
PAGES      = {47--49},
YEAR       = {1970},
}


@ARTICLE{matplotlib,
AUTHOR     = {J. D. Hunter},
TITLE      = {Matplotlib: A 2D graphics environment},
JOURNAL    = {Computing In Science \& Engineering},
VOLUME     = {9},
ISSUE      = {},
PAGES      = {90-95},
YEAR       = {2007},
}

@BOOK{jeff311,
AUTHOR     = {A. Santamarina, D. Bernard, P. Blaise, M. Coste, A. Courcelle, T.D. Huynh, C. Jouanne, P. Leconte, O. Litaize, S. Mengelle, G. Noguère, J-M. Ruggiéri, O. Sérot, J. Tommasi, C. Vaglio, J-F. Vidal },
TITLE      = {The JEFF-3.1.1 Nuclear Data Library},
JOURNAL    = {},
VOLUME     = {},
ISSUE      = {},
PAGES      = {},
YEAR       = {2009},
ISBN       = {978-92-64-99074-6},
}

@ARTICLE{tungstenmd,
AUTHOR     = {Min Li, Qing Hou, Jiechao Cui, Baoqin Fu},
TITLE      = {Molecular dynamics simulations of tungsten bombardments on tungsten},
JOURNAL    = {Nuclear Inst. and Methods in Physics Research B},
VOLUME     = {},
ISSUE      = {},
PAGES      = {In Press},
YEAR       = {2018},
}

@ARTICLE{twobandackland,
AUTHOR     = {Graeme J. Ackland},
TITLE      = {Two-band second moment model for transition metals and alloys},
JOURNAL    = {Condensed Materials},
VOLUME     = {},
ISSUE      = {},
PAGES      = {},
YEAR       = {2005},
}

@ARTICLE{olssonfecr,
AUTHOR     = {P. Olsson, J. Wallenius, C. Domain, K. Nordlund, L. Malerba},
TITLE      = {Two-band modelling of alpha prime phase formation in Fe-Cr},
JOURNAL    = {Physical Review B},
VOLUME     = {72},
ISSUE      = {},
PAGES      = {},
YEAR       = {2005},
}

@ARTICLE{fulijohanssonzhao,
AUTHOR     = {J. Fu, X. Li, B. Johansson, J. Zhao},
TITLE      = {Improved Finnis-Sinclair potential for vanadium-rich V-Ti-Cr ternary alloys},
JOURNAL    = {Journal of Alloys and Compounds},
VOLUME     = {705},
ISSUE      = {},
PAGES      = {369-375},
YEAR       = {2017},
}

@ARTICLE{forcematchingmethod,
AUTHOR     = {F. Ercolessi, J. B. Adams},
TITLE      = {Interatomic Potentials from First-Principles Calculations: the Force-Matching Method},
JOURNAL    = {Europhys. Lett.},
VOLUME     = {26},
ISSUE      = {8},
PAGES      = {583-588},
YEAR       = {1994},
}


@ARTICLE{shengeam,
AUTHOR     = {H. W. Sheng, M. J. Kramer, A. Cadien, T. Fujita and M. W. Chen},
TITLE      = {Highly Optimized Embedded-Atom-Method Potentials for Fourteen FCC Metals},
JOURNAL    = {Europhys. Lett.},
VOLUME     = {26},
ISSUE      = {8},
PAGES      = {583-588},
YEAR       = {1994},
}

@ARTICLE{murnaghaneq,
AUTHOR     = {F. D. Murnaghan},
TITLE      = {The Compressibility of Media Under Extreme Pressures},
JOURNAL    = {},
VOLUME     = {},
ISSUE      = {},
PAGES      = {},
YEAR       = {1944},
}

@ARTICLE{birchmurnaghaneq,
AUTHOR     = {F. Birch},
TITLE      = {Finite elastic strain of cubic crystals},
JOURNAL    = {},
VOLUME     = {},
ISSUE      = {},
PAGES      = {},
YEAR       = {1947},
}



@BOOK{njcarron,
AUTHOR     = {N J Carron},
TITLE      = {An Introduction to the Passage of Energetic Particles through Matter},
JOURNAL    = {},
VOLUME     = {},
ISSUE      = {},
PAGES      = {},
YEAR       = {2007},
ISBN       = {978-0-7503-0935-6},
}































%%



%%
%%##################################################
%% ONLINE   gen4
%%##################################################
@ONLINE{gen4,
    TYPE = "ONLINE",
    CITE = "gen4",
    AUTHOR = "H. Khartabil",
    TITLE = "Gen-4 Reactors",
    YEAR = "2013",
    URL = "http://www.gen-4.org/GIF/About/documents/25-Session2-3-Khartabil.pdf"
}

%%##################################################
%% ONLINE   ocw01
%%##################################################
@ONLINE{ocw01,
    TYPE = "ONLINE",
    CITE = "ocw01",
    AUTHOR = "MIT Open Courseware",
    TITLE = "Engineering of Nuclear Systems - Lecture 6A",
    YEAR = "2013",
    URL = "http://ocw.mit.edu/courses/nuclear-engineering/22-06-engineering-of-nuclear-systems-fall-2010/lectures-and-readings/MIT22\_06F10\_lec06a.pdf"
}

%%##################################################
%% ONLINE   ocw02
%%##################################################
@ONLINE{ocw02,
    TYPE = "ONLINE",
    CITE = "ocw02",
    AUTHOR = "MIT Open Courseware",
    TITLE = "Engineering of Nuclear Systems - Lecture 6B",
    YEAR = "2013",
    URL = "http://ocw.mit.edu/courses/nuclear-engineering/22-06-engineering-of-nuclear-systems-fall-2010/lectures-and-readings/MIT22\_06F10\_lec06b.pdf"
}

%%##################################################
%% ONLINE   fecrschaeffler
%%##################################################
@ONLINE{fecrschaeffler,
    TYPE = "ONLINE",
    CITE = "fecrschaeffler",
    AUTHOR = "BSSA",
    TITLE = "BSSA",
    YEAR = "2019",
    URL = "https://www.bssa.org.uk/topics.php\?article=121"
}

%%##################################################
%% ARTICLE   fenicrternaryphase
%%##################################################
@ARTICLE{fenicrternaryphase,
    TYPE = "ARTICLE",
    CITE = "fenicrternaryphase",
    AUTHOR = "Yee-wen Yen, Jian-wei Su, Dong-ping Huang",
    TITLE = "Phase equilibria of the Fe–Cr–Ni ternary systems and interfacialreactions in Fe–Cr alloys with Ni substrate",
    JOURNAL = "Journal of Alloys and Compounds",
    YEAR = "2008",
    VOLUME = "457",
    ISSUE = "",
    PAGES = "270-278"
}

%%##################################################
%% ARTICLE   elsy01
%%##################################################
@ARTICLE{elsy01,
    TYPE = "ARTICLE",
    CITE = "elsy01",
    AUTHOR = "A. Alemberti, J. Carlsson, E. Malambu, A. Orden, D. Struwe, P. Agostini, S. Monti",
    TITLE = "European lead fast reactor - ELSY",
    JOURNAL = "Nuclear Engineering and Design",
    YEAR = "2011",
    VOLUME = "241",
    ISSUE = "",
    PAGES = "3470--3480"
}

%%##################################################
%% ONLINE   lma001
%%##################################################
@ONLINE{lma001,
    TYPE = "ONLINE",
    CITE = "lma001",
    AUTHOR = "Prof. A. Zisserman",
    TITLE = "Optimization Lecture 2",
    YEAR = "2014",
    URL = "http://www.robots.ox.ac.uk/\~az/lectures/b1/lect2.pdf"
}

%%##################################################
%% ONLINE   lenjonesparams001
%%##################################################
@ONLINE{lenjonesparams001,
    TYPE = "ONLINE",
    CITE = "lenjonesparams001",
    AUTHOR = "Richards Centre at Yale University",
    TITLE = "Van der Waals Potential Energy",
    YEAR = "2013",
    URL = "http://www.csb.yale.edu/userguides/datamanip/autodock/html/Using\_AutoDock\_305.a.html"
}

%%##################################################
%% ONLINE   morseparams001
%%##################################################
@ONLINE{morseparams001,
    TYPE = "ONLINE",
    CITE = "morseparams001",
    AUTHOR = "L. A. Girifalco, V. G. Weizer",
    TITLE = "Application of the Morse potential function to cubic metals",
    JOURNAL = "Physics Review",
    YEAR = "1959",
    VOLUME = "114",
    ISSUE = "",
    PAGES = "687"
}

%%##################################################
%% ARTICLE   talys
%%##################################################
@ARTICLE{talys,
    TYPE = "ARTICLE",
    CITE = "talys",
    AUTHOR = "D. Rochman, A. J. Koning",
    TITLE = "Modern Nuclear Data Evaluation With The TALYS Code System",
    JOURNAL = "Nuclear Data Sheets",
    YEAR = "2012",
    VOLUME = "113",
    ISSUE = "",
    PAGES = ""
}

%%##################################################
%% ARTICLE   srim
%%##################################################
@ARTICLE{srim,
    TYPE = "ARTICLE",
    CITE = "srim",
    AUTHOR = "James F. Ziegler, M. D. Ziegler, J. P. Biersack",
    TITLE = "SRIM - The stopping and range of ions in matter",
    JOURNAL = "Nuclear Instruments and Methods in Physics Research Section B",
    YEAR = "2010",
    VOLUME = "268",
    ISSUE = "",
    PAGES = "1818--1823"
}

%%##################################################
%% ONLINE   decay
%%##################################################
@ONLINE{decay,
    TYPE = "ONLINE",
    CITE = "decay",
    AUTHOR = "A. A. Sonzogni",
    TITLE = "Nuclear Data Services. www-nds.iaea.org",
    YEAR = "2006",
    URL = "http://www-nds.iaea.org/ndspub/download-endf/ENDF-B-VII.0/decay-index.htm"
}

%%##################################################
%% ARTICLE   endfvii
%%##################################################
@ARTICLE{endfvii,
    TYPE = "ARTICLE",
    CITE = "endfvii",
    AUTHOR = "M. B. Chadwick, M. Herman",
    TITLE = "ENDF B-VII.0 - Next generation evaluated nuclear data library for nuclear science and technology.",
    JOURNAL = "Nucl. Data Sheets",
    YEAR = "2006",
    VOLUME = "107",
    ISSUE = "",
    PAGES = "2931"
}

%%##################################################
%% ARTICLE   talys1
%%##################################################
@ARTICLE{talys1,
    TYPE = "ARTICLE",
    CITE = "talys1",
    AUTHOR = "A. J. Koning, S. Hilaire, M. C. Duijvestijn",
    TITLE = "TALYS-1.0.",
    JOURNAL = "Proceedings of the International Conference on Nuclear Data for Science and Technology",
    YEAR = "2007",
    VOLUME = "",
    ISSUE = "",
    PAGES = "211--214"
}

%%##################################################
%% ARTICLE   janis4
%%##################################################
@ARTICLE{janis4,
    TYPE = "ARTICLE",
    CITE = "janis4",
    AUTHOR = "N. Soppera, M. Bossant, E. Dupont",
    TITLE = "JANIS 4 - An Improved Version of the NEA Java-based Nuclear Data Information System",
    JOURNAL = "Nuclear Data Sheets",
    YEAR = "2014",
    VOLUME = "120",
    ISSUE = "",
    PAGES = "294--296"
}

%%##################################################
%% ARTICLE   bateman
%%##################################################
@ARTICLE{bateman,
    TYPE = "ARTICLE",
    CITE = "bateman",
    AUTHOR = "H. Bateman",
    TITLE = "The solution of a system of differential equations occurring in the theory of radioactive transformations",
    JOURNAL = "Proc. Camb. Phil. Soc.",
    YEAR = "1910",
    VOLUME = "15",
    ISSUE = "",
    PAGES = "423"
}

%%##################################################
%% BOOK   mmfpe
%%##################################################
@BOOK{mmfpe,
    TYPE = "BOOK",
    CITE = "mmfpe",
    AUTHOR = "K. F. Riley, M. P. Hobson, S. J. Bence",
    TITLE = "Mathematical Methods for Physics and Engineering",
    JOURNAL = "",
    YEAR = "2007",
    VOLUME = "",
    ISSUE = "",
    PAGES = ""
}

%%##################################################
%% ARTICLE   stehfest
%%##################################################
@ARTICLE{stehfest,
    TYPE = "ARTICLE",
    CITE = "stehfest",
    AUTHOR = "H. Stehfest",
    TITLE = "Algorithm 368 Numerical Inversion of Laplace Transform",
    JOURNAL = "Communications of the ACM",
    YEAR = "1970",
    VOLUME = "13",
    ISSUE = "",
    PAGES = "47--49"
}

%%##################################################
%% ARTICLE   matplotlib
%%##################################################
@ARTICLE{matplotlib,
    TYPE = "ARTICLE",
    CITE = "matplotlib",
    AUTHOR = "J. D. Hunter",
    TITLE = "Matplotlib - A 2D graphics environment",
    JOURNAL = "Computing In Science \& Engineering",
    YEAR = "2007",
    VOLUME = "9",
    ISSUE = "",
    PAGES = "90-95"
}

%%##################################################
%% BOOK   jeff311
%%##################################################
@BOOK{jeff311,
    TYPE = "BOOK",
    CITE = "jeff311",
    AUTHOR = "A. Santamarina, D. Bernard, P. Blaise, M. Coste, A. Courcelle, T.D. Huynh, C. Jouanne, P. Leconte, O. Litaize, S. Mengelle, G. Noguère, J-M. Ruggiéri, O. Sérot, J. Tommasi, C. Vaglio, J-F. Vidal ",
    TITLE = "The JEFF-3.1.1 Nuclear Data Library",
    JOURNAL = "",
    YEAR = "2009",
    VOLUME = "",
    ISSUE = "",
    PAGES = ""
}

%%##################################################
%% BOOK   elasticpropertiesmehl
%%##################################################
@BOOK{elasticpropertiesmehl,
    TYPE = "BOOK",
    CITE = "elasticpropertiesmehl",
    AUTHOR = "M. J. Mehl, B. M. Klein, D. A. Papaconstantopoulos",
    TITLE = "First Principles Calculations of Elastic Properties of Metals",
    JOURNAL = "",
    YEAR = "1994",
    VOLUME = "",
    ISSUE = "",
    PAGES = ""
}

%%##################################################
%% ARTICLE   pressuredepmehl
%%##################################################
@ARTICLE{pressuredepmehl,
    TYPE = "ARTICLE",
    CITE = "pressuredepmehl",
    AUTHOR = "Michael J. Mehl",
    TITLE = "Pressure depenence of the elastic moduli in aluminium-rich Al-Li compounds",
    JOURNAL = "Physical Review B",
    YEAR = "1993",
    VOLUME = "47",
    ISSUE = "5",
    PAGES = "2493-2500"
}

%%##################################################
%% ARTICLE   DftTiSiRavindran
%%##################################################
@ARTICLE{DftTiSiRavindran,
    TYPE = "ARTICLE",
    CITE = "DftTiSiRavindran",
    AUTHOR = "P. Ravindran, Lars Fast, P. A. Korzhavyi, B. Johansson",
    TITLE = "Density functional theory for calculation of elastic properties of orthorhombic crystals - applications to TiSi2",
    JOURNAL = "Journal of Applied Physics",
    YEAR = "1998",
    VOLUME = "84",
    ISSUE = "9",
    PAGES = "4891-4904"
}

%%##################################################
%% ARTICLE   ElasticMeltingTemp
%%##################################################
@ARTICLE{ElasticMeltingTemp,
    TYPE = "ARTICLE",
    CITE = "ElasticMeltingTemp",
    AUTHOR = "M. E. Fine, L. D. Brown, H. L. Marcus",
    TITLE = "Elastic Constants Versus Melting Temperature in Metals",
    JOURNAL = "Scripta Metallurgica",
    YEAR = "1984",
    VOLUME = "18",
    ISSUE = "",
    PAGES = "951-956"
}

%%##################################################
%% ARTICLE   AdsorptionBR2
%%##################################################
@ARTICLE{AdsorptionBR2,
    TYPE = "ARTICLE",
    CITE = "AdsorptionBR2",
    AUTHOR = "A. L. Okana-Lomanga, B. R. Malonda-Boungou, G. Dimitri Ngantso, A. T. Raji",
    TITLE = "Adsorption of Br2 molecule on the Fe W(110) substrate - Energetics, electronic and magnetic properties",
    JOURNAL = "Computational Condensed Matter",
    YEAR = "2020",
    VOLUME = "23",
    ISSUE = "",
    PAGES = ""
}

%%##################################################
%% ARTICLE   NaDiffusion
%%##################################################
@ARTICLE{NaDiffusion,
    TYPE = "ARTICLE",
    CITE = "NaDiffusion",
    AUTHOR = "A. E. Rezaee, M. Almasi-Kashi",
    TITLE = "The influence of point defects on Na diffusion in black phosphorene - first principles study",
    JOURNAL = "Journal Pre-proof",
    YEAR = "",
    VOLUME = "",
    ISSUE = "",
    PAGES = ""
}

%%##################################################
%% ARTICLE   ScBiandYBi
%%##################################################
@ARTICLE{ScBiandYBi,
    TYPE = "ARTICLE",
    CITE = "ScBiandYBi",
    AUTHOR = "N. Acharya, S. P. Sanyal",
    TITLE = "Structural phase transition, electronic and superconducting properties of ScBi and YBi",
    JOURNAL = "Solid State Communications",
    YEAR = "2017",
    VOLUME = "266",
    ISSUE = "",
    PAGES = "39-45"
}

%%##################################################
%% ARTICLE   CuandPd
%%##################################################
@ARTICLE{CuandPd,
    TYPE = "ARTICLE",
    CITE = "CuandPd",
    AUTHOR = "A. Choudhary, L. Malakkal, R. K. Siripurapu",
    TITLE = "First principles calculations of hydrogen storage on Cu and Pd-decorated graphene",
    JOURNAL = "International Journal of Hydrogen Energy",
    YEAR = "2016",
    VOLUME = "41",
    ISSUE = "",
    PAGES = "17652-17656"
}

%%##################################################
%% ARTICLE   ecHeuslerAlloy
%%##################################################
@ARTICLE{ecHeuslerAlloy,
    TYPE = "ARTICLE",
    CITE = "ecHeuslerAlloy",
    AUTHOR = "O. E. Osafile, P. O. Adebambo, G. A. Adebayo",
    TITLE = "Elastic constants and observed ferromagnetism in inverse Heusler alloy Ti2CoAs using kjpaw pseudopotentials - A first-principles approach",
    JOURNAL = "Journal of Alloys and Compounds",
    YEAR = "2017",
    VOLUME = "722",
    ISSUE = "",
    PAGES = "207-211"
}

%%##################################################
%% ARTICLE   radionuclides
%%##################################################
@ARTICLE{radionuclides,
    TYPE = "ARTICLE",
    CITE = "radionuclides",
    AUTHOR = "J. Rodenas, G. Verdu",
    TITLE = "Analysis of nuclear reactions to determine the radionuclides generated and its activity in various devices",
    JOURNAL = "Radiation Physics and Chemistry",
    YEAR = "2020",
    VOLUME = "167",
    ISSUE = "",
    PAGES = "1-6"
}

%%##################################################
%% ONLINE   radiationamounts
%%##################################################
@ONLINE{radiationamounts,
    TYPE = "ONLINE",
    CITE = "radiationamounts",
    AUTHOR = "Ministry of Defence",
    TITLE = "Radioactivity and Health",
    YEAR = "2012",
    URL = "https://assets.publishing.service.gov.uk/government/uploads/system/uploads/attachment\_data/file/34103/SDP\_FS4\_RadioactivityandHealthWEB.pdf"
}

%%##################################################
%% ONLINE   researchreactorstats
%%##################################################
@ONLINE{researchreactorstats,
    TYPE = "ONLINE",
    CITE = "researchreactorstats",
    AUTHOR = "World Nuclear",
    TITLE = "",
    YEAR = "2018",
    URL = "http://www.world-nuclear.org/information-library/non-power-nuclear-applications/radioisotopes-research/research-reactors.aspx"
}

%%##################################################
%% ONLINE   neptunereactor
%%##################################################
@ONLINE{neptunereactor,
    TYPE = "ONLINE",
    CITE = "neptunereactor",
    AUTHOR = "IAEA",
    TITLE = "",
    YEAR = "2018",
    URL = "https://nucleus.iaea.org/RRDB/RR/ReactorSearch.aspx"
}

%%##################################################
%% ONLINE   hfirornl
%%##################################################
@ONLINE{hfirornl,
    TYPE = "ONLINE",
    CITE = "hfirornl",
    AUTHOR = "ORNL",
    TITLE = "",
    YEAR = "2018",
    URL = "https://neutrons.ornl.gov/hfir/parameters"
}

%%##################################################
%% ONLINE   hfirornluserguide
%%##################################################
@ONLINE{hfirornluserguide,
    TYPE = "ONLINE",
    CITE = "hfirornluserguide",
    AUTHOR = "ORNL",
    TITLE = "",
    YEAR = "2018",
    URL = "https://neutrons.ornl.gov/sites/default/files/High Flux Isotope Reactor User Guide 2.0.pdf"
}

%%##################################################
%% BOOK   srimbook
%%##################################################
@BOOK{srimbook,
    TYPE = "BOOK",
    CITE = "srimbook",
    AUTHOR = "J. F. Ziegler, J. P. Biersack, M. D. Ziegler",
    TITLE = "The Stopping and Range of Ions in Matter",
    JOURNAL = "",
    YEAR = "2015",
    VOLUME = "",
    ISSUE = "",
    PAGES = ""
}

%%##################################################
%% ARTICLE   tungstenmd
%%##################################################
@ARTICLE{tungstenmd,
    TYPE = "ARTICLE",
    CITE = "tungstenmd",
    AUTHOR = "Min Li, Qing Hou, Jiechao Cui, Baoqin Fu",
    TITLE = "Molecular dynamics simulations of tungsten bombardments on tungsten",
    JOURNAL = "Nuclear Inst. and Methods in Physics Research B",
    YEAR = "2018",
    VOLUME = "",
    ISSUE = "",
    PAGES = "In Press"
}

%%##################################################
%% ARTICLE   twobandackland
%%##################################################
@ARTICLE{twobandackland,
    TYPE = "ARTICLE",
    CITE = "twobandackland",
    AUTHOR = "Graeme J. Ackland",
    TITLE = "Two-band second moment model for transition metals and alloys",
    JOURNAL = "Condensed Materials",
    YEAR = "2005",
    VOLUME = "",
    ISSUE = "",
    PAGES = ""
}


%%##################################################
%% ARTICLE   twobandacklandreed
%%##################################################
@ARTICLE{twobandacklandreed,
    TYPE = "ARTICLE",
    CITE = "twobandacklandreed",
    AUTHOR = "Graeme J. Ackland, Stewart K. Reed",
    TITLE = "Two-band second moment model and an interatomic potential for caesium",
    JOURNAL = "Condensed Materials",
    YEAR = "2008",
    VOLUME = "",
    ISSUE = "",
    PAGES = ""
}


%%##################################################
%% ARTICLE   olssonfecr
%%##################################################
@ARTICLE{olssonfecr,
    TYPE = "ARTICLE",
    CITE = "olssonfecr",
    AUTHOR = "P. Olsson, J. Wallenius, C. Domain, K. Nordlund, L. Malerba",
    TITLE = "Two-band modelling of alpha prime phase formation in Fe-Cr",
    JOURNAL = "Physical Review B",
    YEAR = "2005",
    VOLUME = "72",
    ISSUE = "",
    PAGES = ""
}

%%##################################################
%% ARTICLE   fulijohanssonzhao
%%##################################################
@ARTICLE{fulijohanssonzhao,
    TYPE = "ARTICLE",
    CITE = "fulijohanssonzhao",
    AUTHOR = "J. Fu, X. Li, B. Johansson, J. Zhao",
    TITLE = "Improved Finnis-Sinclair potential for vanadium-rich V-Ti-Cr ternary alloys",
    JOURNAL = "Journal of Alloys and Compounds",
    YEAR = "2017",
    VOLUME = "705",
    ISSUE = "",
    PAGES = "369-375"
}

%%##################################################
%% ARTICLE   forcematchingmethod
%%##################################################
@ARTICLE{forcematchingmethod,
    TYPE = "ARTICLE",
    CITE = "forcematchingmethod",
    AUTHOR = "F. Ercolessi, J. B. Adams",
    TITLE = "Interatomic Potentials from First-Principles Calculations: the Force-Matching Method",
    JOURNAL = "Europhys. Lett.",
    YEAR = "1994",
    VOLUME = "26",
    ISSUE = "8",
    PAGES = "583-588"
}

%%##################################################
%% ARTICLE   shengeam
%%##################################################
@ARTICLE{shengeam,
    TYPE = "ARTICLE",
    CITE = "shengeam",
    AUTHOR = "H. W. Sheng, M. J. Kramer, A. Cadien, T. Fujita and M. W. Chen",
    TITLE = "Highly Optimized Embedded-Atom-Method Potentials for Fourteen FCC Metals",
    JOURNAL = "Europhys. Lett.",
    YEAR = "1994",
    VOLUME = "26",
    ISSUE = "8",
    PAGES = "583-588"
}

%%##################################################
%% ARTICLE   murnaghaneq
%%##################################################
@ARTICLE{murnaghaneq,
    TYPE = "ARTICLE",
    CITE = "murnaghaneq",
    AUTHOR = "F. D. Murnaghan",
    TITLE = "The Compressibility of Media Under Extreme Pressures",
    JOURNAL = "",
    YEAR = "1944",
    VOLUME = "",
    ISSUE = "",
    PAGES = ""
}

%%##################################################
%% ARTICLE   birchmurnaghaneq
%%##################################################
@ARTICLE{birchmurnaghaneq,
    TYPE = "ARTICLE",
    CITE = "birchmurnaghaneq",
    AUTHOR = "F. Birch",
    TITLE = "Finite elastic strain of cubic crystals",
    JOURNAL = "",
    YEAR = "1947",
    VOLUME = "",
    ISSUE = "",
    PAGES = ""
}

%%##################################################
%% BOOK   njcarron
%%##################################################
@BOOK{njcarron,
    TYPE = "BOOK",
    CITE = "njcarron",
    AUTHOR = "N J Carron",
    TITLE = "An Introduction to the Passage of Energetic Particles through Matter",
    JOURNAL = "",
    YEAR = "2007",
    VOLUME = "",
    ISSUE = "",
    PAGES = ""
}

%%##################################################
%% BOOK   Jeremy L. Gilbert
%%##################################################
@BOOK{medicalmetals133,
    TYPE = "BOOK",
    CITE = "Jeremy L. Gilber",
    AUTHOR = "N J Carron",
    TITLE = "Metals - Basic Principles",
    JOURNAL = "",
    YEAR = "",
    VOLUME = "",
    ISSUE = "",
    PAGES = ""
}


%%##################################################
%% ARTICLE   kirchheimpassive
%%##################################################
@ARTICLE{kirchheimpassive,
    TYPE = "ARTICLE",
    CITE = "kirchheimpassive",
    AUTHOR = "R. Kirchheim, B. Heine, H. Fischmeister, S. Hoffmann, H. Knote, U. Stolz",
    TITLE = "The Passivity of Iron-Chromium Alloys",
    JOURNAL = "Corrosion Science",
    YEAR = "1989",
    VOLUME = "29",
    ISSUE = "7",
    PAGES = "899-917"
}


%%##################################################
%% ARTICLE   kirchheimcc
%%##################################################
@ARTICLE{kirchheimcc,
    TYPE = "ARTICLE",
    CITE = "kirchheimcc",
    AUTHOR = "R. Kirchheim, B. Heine, S. Hoffmann, H. Hofsass",
    TITLE = "Compositional Changes of Passive Films Due To Different Transport Rates and Preferential Dissolution",
    JOURNAL = "Corrosion Science",
    YEAR = "1990",
    VOLUME = "31",
    ISSUE = "",
    PAGES = "573-578"
}


@ARTICLE{nickeldiffusion,
    AUTHOR = "M. Krcmar, C.L. Fu, A. Janotti, R.C. Reed",
    TITLE = "Diffusion rates of 3d transition metal solutes in nickel by first-principles calculations",
    JOURNAL = "Acta Materialia",
    YEAR = "2005",
    VOLUME = "53",
    ISSUE = "",
    PAGES = "2369-2376"
}

@ARTICLE{lightwaterallenbusby,
    AUTHOR = "T.R. Allen and J.T. Busby",
    TITLE = "Radiation damage concerns for extended light water Reactor service",
    JOURNAL = "Journal of Materials",
    YEAR = "2009",
    VOLUME = "61",
    ISSUE = "",
    PAGES = "29-34"
}

@BOOK{genIVstrucmat,
    AUTHOR = "J. L. Seran, M. Le Flem",
    TITLE = "Irradiation-resistant Austenitic Steels as Core Materials for Generation IV Nuclear Reactors",
    JOURNAL = "",
    YEAR = "2017",
    VOLUME = "",
    ISSUE = "",
    PAGES = "285-328"
}



%%##################################################
%% BOOK   gswas
%%##################################################
@BOOK{gswas,
    AUTHOR = "G. S. Was",
    TITLE = "Fundamentals of Radiation Materials Science",
    JOURNAL = "",
    YEAR = "2007",
    VOLUME = "",
    ISSUE = "",
    PAGES = "",
    ISBN = "978-3-540-49471-3"
}


%%##################################################
%% ONLINE   marlinwiretemp
%%##################################################
@ONLINE{marlinwiretemp,
    AUTHOR = "Marlin Wire",
    TITLE = "",
    YEAR = "2019",
    URL = "https://www.marlinwire.com/"
}


%%##################################################
%% ONLINE   sizewellbtemp
%%##################################################
@ONLINE{sizewellbtemp,
    AUTHOR = "IAEA",
    TITLE = "",
    YEAR = "2019",
    URL = "https://inis.iaea.org/collection/NCLCollectionStore/_Public/29/010/29010110.pdf"
}


%%##################################################
%% ONLINE   crystaleos
%%##################################################
@ONLINE{crystaleos,
    AUTHOR = "A. Mahmoud ad A. Erba",
    TITLE = "Crystal: Equation of State",
    YEAR = "2019",
    URL = "http://tutorials.crystalsolutions.eu/tutorial.html?td=eos&tf=eos_tut"
}



%%##################################################
%% BOOK   advancedbiomass
%%##################################################
@BOOK{advancedbiomass,
    AUTHOR = "S Heidenreich, M Müller, P. U. Foscolo",
    TITLE = "Advanced Biomass Gasification - New Concepts for Efficiency Increase and Product Flexibility",
    JOURNAL = "",
    YEAR = "2016",
    VOLUME = "",
    ISSUE = "",
    PAGES = "",
    ISBN = "978-0-12-804296-0"
}



%%##################################################
%% ONLINE   abcdftsissa
%%##################################################
@ONLINE{abcdftsissa,
    AUTHOR = "SISSA",
    TITLE = "",
    YEAR = "2020",
    URL = "https://people.sissa.it/~degironc/ES/lectures/ABCofDFT.pdf"
}

@ARTICLE{kohnsham,
    AUTHOR = "W. Kohn, L. J. Sham",
    TITLE = "Self-Consistent Equations Including Exchange and Correlation Effects",
    JOURNAL = "Physical Review",
    YEAR = "1965",
    VOLUME = "140",
    ISSUE = "",
    PAGES = ""
}

%%##################################################
%% ONLINE   webelementspd
%%##################################################
@ONLINE{webelementspd,
    AUTHOR = "Mark Winter, The University of Sheffield and WebElements Ltd, UK",
    TITLE = "",
    YEAR = "2020",
    URL = "https://www.webelements.com/palladium/crystal_structure.html"
}




%%##################################################
%% ONLINE   webelementsfe
%%##################################################
@ONLINE{webelementsfe,
    AUTHOR = "Mark Winter, The University of Sheffield and WebElements Ltd, UK",
    TITLE = "",
    YEAR = "2020",
    URL = "https://www.webelements.com/iron/physics.html"
}





@ARTICLE{semiempiricalpots,
    AUTHOR = "Byeong-Joo Lee, Jae-Hyeok Shim, M. I. Baskes",
    TITLE = "Semiempirical atomic potentials for the fcc metals Cu, Ag, Au, Ni, Pd, Pt, Al, and Pb based on first and second nearest-neighbor modified embedded atom method",
    JOURNAL = "Physical Review B",
    YEAR = "2003",
    VOLUME = "68",
    ISSUE = "",
    PAGES = ""
}



@ARTICLE{femendelev,
    AUTHOR = "M. I. Mendelev , S. Han , D. J. Srolovitz , G. J. Ackland , D. Y. Sun & M. Asta",
    TITLE = "Development of new interatomic potentials appropriate for crystalline and liquid iron",
    JOURNAL = "Philosophical Magazine",
    YEAR = "2003",
    VOLUME = "83",
    ISSUE = "",
    PAGES = "3977-3994"
}




@ARTICLE{proptial,
    AUTHOR = "Y. Wen, L. Wang, H. Liu and L. Song",
    TITLE = "Ab Initio Study of the Elastic and Mechanical Properties of B19 TiAl",
    JOURNAL = "Crystals",
    YEAR = "2017",
    VOLUME = "7",
    ISSUE = "39",
    PAGES = "1-11"
}

%%##################################################
%% ONLINE   gilgamesheos
%%##################################################
@ONLINE{gilgamesheos,
    AUTHOR = "gilgamesh",
    TITLE = "Fitting Birch-Murnaghan",
    YEAR = "2013",
    URL = "http://gilgamesh.cheme.cmu.edu/doc/software/jacapo/appendices/appendix-eos.html"
}

@article{Jamal2014,
abstract = {In this paper we present details of our developed open source software, cubic-elastic, for the calculation of the elastic constants (ECs) of cubic crystals. The comparison of the calculated ECs for various types of cubic systems by this software with those from the other available softwares as well as experimentally measured results confirms that our code can predict reliable results. The success of our code originates from its use of single deformation. The other codes usually use rhombohedral strain (RS). RS leads to 3B0+4C44 expression. Hence, RS systematically adds error to the C44 through the bulk modulus calculations, and thereby may not be mathematically an appropriate approach. The total energy is accurately calculated by the WIEN2k within the highly accurate full-potential (linearized) augmented plane-waves plus local orbitals method. The ECs are calculated by the second-order derivatives of the fitted polynomials to the calculated total energies with respect to the elements of strain tensors at zero strains. We have presented the theoretical background and methodology of the cubic-elastic. We have validated the software by taking a variety of cubic samples into consideration and calculated their ECs. The zero bulk error calculations show that the results obtained from the cubic-elastic are in good agreement with the available experimental data and the previous theoretical results and predicts the sign of elastic constants correctly. The calculated Cauchy's pressure (C″) and Poisson's ratio ($\nu$) of LaS predict that it is an ionic compound. This prediction is in agreement (disagreement) with the previous ionic (covalent) bonds prediction deduced from previous $\nu$ (C″).},
author = {Jamal, M. and {Jalali Asadabadi}, S. and Ahmad, Iftikhar and {Rahnamaye Aliabad}, H. A.},
doi = {10.1016/j.commatsci.2014.08.027},
file = {:cloud/Mendeley/Computational Materials Science/2014/1-s2.0-S0927025614005692-main.pdf:pdf},
issn = {09270256},
journal = {Computational Materials Science},
keywords = {Cubic-elastic,Density functional calculations,Elastic constants,Mechanical properties},
pages = {592--599},
publisher = {Elsevier B.V.},
title = {{Elastic constants of cubic crystals}},
url = {http://dx.doi.org/10.1016/j.commatsci.2014.08.027},
volume = {95},
year = {2014}
}



%%##################################################
%% BOOK   dlpolymanual
%%##################################################
@BOOK{dlpolymanual,
    TYPE = "BOOK",
    CITE = "dlpolymanual",
    AUTHOR = "I.T.Todorov & W. Smith",
    TITLE = "The DL_POLY_4 User Manual",
    JOURNAL = "",
    YEAR = "2016",
    VOLUME = "",
    ISSUE = "4.08",
    PAGES = ""
}





%%##################################################
%% ONLINE   gen4
%%##################################################
@ONLINE{gen4,
    TYPE = "ONLINE",
    CITE = "gen4",
    AUTHOR = "H. Khartabil",
    TITLE = "Gen-4 Reactors",
    YEAR = "2013",
    URL = "http://www.gen-4.org/GIF/About/documents/25-Session2-3-Khartabil.pdf"
}

%%##################################################
%% ONLINE   ocw01
%%##################################################
@ONLINE{ocw01,
    TYPE = "ONLINE",
    CITE = "ocw01",
    AUTHOR = "MIT Open Courseware",
    TITLE = "Engineering of Nuclear Systems - Lecture 6A",
    YEAR = "2013",
    URL = "http://ocw.mit.edu/courses/nuclear-engineering/22-06-engineering-of-nuclear-systems-fall-2010/lectures-and-readings/MIT22\_06F10\_lec06a.pdf"
}

%%##################################################
%% ONLINE   ocw02
%%##################################################
@ONLINE{ocw02,
    TYPE = "ONLINE",
    CITE = "ocw02",
    AUTHOR = "MIT Open Courseware",
    TITLE = "Engineering of Nuclear Systems - Lecture 6B",
    YEAR = "2013",
    URL = "http://ocw.mit.edu/courses/nuclear-engineering/22-06-engineering-of-nuclear-systems-fall-2010/lectures-and-readings/MIT22\_06F10\_lec06b.pdf"
}

%%##################################################
%% ONLINE   fecrschaeffler
%%##################################################
@ONLINE{fecrschaeffler,
    TYPE = "ONLINE",
    CITE = "fecrschaeffler",
    AUTHOR = "BSSA",
    TITLE = "BSSA",
    YEAR = "2019",
    URL = "https://www.bssa.org.uk/topics.php\?article=121"
}

%%##################################################
%% ARTICLE   fenicrternaryphase
%%##################################################
@ARTICLE{fenicrternaryphase,
    TYPE = "ARTICLE",
    CITE = "fenicrternaryphase",
    AUTHOR = "Jian-wei Su and  Dong-ping Huang",
    TITLE = "Phase equilibria of the Fe–Cr–Ni ternary systems and interfacialreactions in Fe–Cr alloys with Ni substrate",
    JOURNAL = "Journal of Alloys and Compounds",
    YEAR = "2008",
    VOLUME = "457",
    ISSUE = "",
    PAGES = "270-278"
}

%%##################################################
%% ARTICLE   elsy01
%%##################################################
@ARTICLE{elsy01,
    TYPE = "ARTICLE",
    CITE = "elsy01",
    AUTHOR = "P. Agostini and  S. Monti",
    TITLE = "European lead fast reactor - ELSY",
    JOURNAL = "Nuclear Engineering and Design",
    YEAR = "2011",
    VOLUME = "241",
    ISSUE = "",
    PAGES = "3470--3480"
}

%%##################################################
%% ONLINE   lma001
%%##################################################
@ONLINE{lma001,
    TYPE = "ONLINE",
    CITE = "lma001",
    AUTHOR = "Prof. A. Zisserman",
    TITLE = "Optimization Lecture 2",
    YEAR = "2014",
    URL = "http://www.robots.ox.ac.uk/\~az/lectures/b1/lect2.pdf"
}

%%##################################################
%% ONLINE   lenjonesparams001
%%##################################################
@ONLINE{lenjonesparams001,
    TYPE = "ONLINE",
    CITE = "lenjonesparams001",
    AUTHOR = "Richards Centre at Yale University",
    TITLE = "Van der Waals Potential Energy",
    YEAR = "2013",
    URL = "http://www.csb.yale.edu/userguides/datamanip/autodock/html/Using\_AutoDock\_305.a.html"
}

%%##################################################
%% ARTICLE   morseparams001
%%##################################################
@ARTICLE{morseparams001,
    TYPE = "ARTICLE",
    CITE = "morseparams001",
    AUTHOR = "L. A. Girifalco and  V. G. Weizer",
    TITLE = "Application of the Morse potential function to cubic metals",
    JOURNAL = "Physics Review",
    YEAR = "1959",
    VOLUME = "114",
    ISSUE = "",
    PAGES = "687"
}


%%##################################################
%% ONLINE   wikivirialstress
%%##################################################
@ONLINE{wikivirialstress,
    TYPE = "ONLINE",
    CITE = "wikivirialstress",
    AUTHOR = "Wikipedia",
    TITLE = "Virial Stress",
    YEAR = "2016",
    URL = "https://en.wikipedia.org/wiki/Virial_stress"
}


%%##################################################
%% ARTICLE   talys
%%##################################################
@ARTICLE{talys,
    TYPE = "ARTICLE",
    CITE = "talys",
    AUTHOR = "D. Rochman and  A. J. Koning",
    TITLE = "Modern Nuclear Data Evaluation With The TALYS Code System",
    JOURNAL = "Nuclear Data Sheets",
    YEAR = "2012",
    VOLUME = "113",
    ISSUE = "",
    PAGES = ""
}

%%##################################################
%% ARTICLE   srim
%%##################################################
@ARTICLE{srim,
    TYPE = "ARTICLE",
    CITE = "srim",
    AUTHOR = "M. D. Ziegler and  J. P. Biersack",
    TITLE = "SRIM - The stopping and range of ions in matter",
    JOURNAL = "Nuclear Instruments and Methods in Physics Research Section B",
    YEAR = "2010",
    VOLUME = "268",
    ISSUE = "",
    PAGES = "1818--1823"
}

%%##################################################
%% ONLINE   decay
%%##################################################
@ONLINE{decay,
    TYPE = "ONLINE",
    CITE = "decay",
    AUTHOR = "A. A. Sonzogni",
    TITLE = "Nuclear Data Services. www-nds.iaea.org",
    YEAR = "2006",
    URL = "http://www-nds.iaea.org/ndspub/download-endf/ENDF-B-VII.0/decay-index.htm"
}

%%##################################################
%% ARTICLE   endfvii
%%##################################################
@ARTICLE{endfvii,
    TYPE = "ARTICLE",
    CITE = "endfvii",
    AUTHOR = "M. B. Chadwick and  M. Herman",
    TITLE = "ENDF B-VII.0 - Next generation evaluated nuclear data library for nuclear science and technology.",
    JOURNAL = "Nucl. Data Sheets",
    YEAR = "2006",
    VOLUME = "107",
    ISSUE = "",
    PAGES = "2931"
}

%%##################################################
%% ARTICLE   talys1
%%##################################################
@ARTICLE{talys1,
    TYPE = "ARTICLE",
    CITE = "talys1",
    AUTHOR = "S. Hilaire and  M. C. Duijvestijn",
    TITLE = "TALYS-1.0.",
    JOURNAL = "Proceedings of the International Conference on Nuclear Data for Science and Technology",
    YEAR = "2007",
    VOLUME = "",
    ISSUE = "",
    PAGES = "211--214"
}

%%##################################################
%% ARTICLE   janis4
%%##################################################
@ARTICLE{janis4,
    TYPE = "ARTICLE",
    CITE = "janis4",
    AUTHOR = "M. Bossant and  E. Dupont",
    TITLE = "JANIS 4 - An Improved Version of the NEA Java-based Nuclear Data Information System",
    JOURNAL = "Nuclear Data Sheets",
    YEAR = "2014",
    VOLUME = "120",
    ISSUE = "",
    PAGES = "294--296"
}

%%##################################################
%% ARTICLE   bateman
%%##################################################
@ARTICLE{bateman,
    TYPE = "ARTICLE",
    CITE = "bateman",
    AUTHOR = "H. Bateman",
    TITLE = "The solution of a system of differential equations occurring in the theory of radioactive transformations",
    JOURNAL = "Proc. Camb. Phil. Soc.",
    YEAR = "1910",
    VOLUME = "15",
    ISSUE = "",
    PAGES = "423"
}

%%##################################################
%% BOOK   mmfpe
%%##################################################
@BOOK{mmfpe,
    TYPE = "BOOK",
    CITE = "mmfpe",
    AUTHOR = "M. P. Hobson and  S. J. Bence",
    TITLE = "Mathematical Methods for Physics and Engineering",
    JOURNAL = "",
    YEAR = "2007",
    VOLUME = "",
    ISSUE = "",
    PAGES = ""
}

%%##################################################
%% ARTICLE   stehfest
%%##################################################
@ARTICLE{stehfest,
    TYPE = "ARTICLE",
    CITE = "stehfest",
    AUTHOR = "H. Stehfest",
    TITLE = "Algorithm 368 Numerical Inversion of Laplace Transform",
    JOURNAL = "Communications of the ACM",
    YEAR = "1970",
    VOLUME = "13",
    ISSUE = "",
    PAGES = "47--49"
}

%%##################################################
%% ARTICLE   matplotlib
%%##################################################
@ARTICLE{matplotlib,
    TYPE = "ARTICLE",
    CITE = "matplotlib",
    AUTHOR = "J. D. Hunter",
    TITLE = "Matplotlib - A 2D graphics environment",
    JOURNAL = "Computing In Science \& Engineering",
    YEAR = "2007",
    VOLUME = "9",
    ISSUE = "",
    PAGES = "90-95"
}

%%##################################################
%% BOOK   jeff311
%%##################################################
@BOOK{jeff311,
    TYPE = "BOOK",
    CITE = "jeff311",
    AUTHOR = "C. Vaglio and  J-F. Vidal",
    TITLE = "The JEFF-3.1.1 Nuclear Data Library",
    JOURNAL = "",
    YEAR = "2009",
    VOLUME = "",
    ISSUE = "",
    PAGES = ""
}

%%##################################################
%% BOOK   elasticpropertiesmehl
%%##################################################
@BOOK{elasticpropertiesmehl,
    TYPE = "BOOK",
    CITE = "elasticpropertiesmehl",
    AUTHOR = "B. M. Klein and  D. A. Papaconstantopoulos",
    TITLE = "First Principles Calculations of Elastic Properties of Metals",
    JOURNAL = "",
    YEAR = "1994",
    VOLUME = "",
    ISSUE = "",
    PAGES = ""
}

%%##################################################
%% ARTICLE   pressuredepmehl
%%##################################################
@ARTICLE{pressuredepmehl,
    TYPE = "ARTICLE",
    CITE = "pressuredepmehl",
    AUTHOR = "Michael J. Mehl",
    TITLE = "Pressure depenence of the elastic moduli in aluminium-rich Al-Li compounds",
    JOURNAL = "Physical Review B",
    YEAR = "1993",
    VOLUME = "47",
    ISSUE = "5",
    PAGES = "2493-2500"
}

%%##################################################
%% ARTICLE   DftTiSiRavindran
%%##################################################
@ARTICLE{DftTiSiRavindran,
    TYPE = "ARTICLE",
    CITE = "DftTiSiRavindran",
    AUTHOR = "P. A. Korzhavyi and  B. Johansson",
    TITLE = "Density functional theory for calculation of elastic properties of orthorhombic crystals - applications to TiSi2",
    JOURNAL = "Journal of Applied Physics",
    YEAR = "1998",
    VOLUME = "84",
    ISSUE = "9",
    PAGES = "4891-4904"
}

%%##################################################
%% ARTICLE   ElasticMeltingTemp
%%##################################################
@ARTICLE{ElasticMeltingTemp,
    TYPE = "ARTICLE",
    CITE = "ElasticMeltingTemp",
    AUTHOR = "L. D. Brown and  H. L. Marcus",
    TITLE = "Elastic Constants Versus Melting Temperature in Metals",
    JOURNAL = "Scripta Metallurgica",
    YEAR = "1984",
    VOLUME = "18",
    ISSUE = "",
    PAGES = "951-956"
}

%%##################################################
%% ARTICLE   AdsorptionBR2
%%##################################################
@ARTICLE{AdsorptionBR2,
    TYPE = "ARTICLE",
    CITE = "AdsorptionBR2",
    AUTHOR = "G. Dimitri Ngantso and  A. T. Raji",
    TITLE = "Adsorption of Br2 molecule on the Fe W(110) substrate - Energetics, electronic and magnetic properties",
    JOURNAL = "Computational Condensed Matter",
    YEAR = "2020",
    VOLUME = "23",
    ISSUE = "",
    PAGES = ""
}

%%##################################################
%% ARTICLE   NaDiffusion
%%##################################################
@ARTICLE{NaDiffusion,
    TYPE = "ARTICLE",
    CITE = "NaDiffusion",
    AUTHOR = "A. E. Rezaee and  M. Almasi-Kashi",
    TITLE = "The influence of point defects on Na diffusion in black phosphorene - first principles study",
    JOURNAL = "Journal Pre-proof",
    YEAR = "",
    VOLUME = "",
    ISSUE = "",
    PAGES = ""
}

%%##################################################
%% ARTICLE   ScBiandYBi
%%##################################################
@ARTICLE{ScBiandYBi,
    TYPE = "ARTICLE",
    CITE = "ScBiandYBi",
    AUTHOR = "N. Acharya and  S. P. Sanyal",
    TITLE = "Structural phase transition, electronic and superconducting properties of ScBi and YBi",
    JOURNAL = "Solid State Communications",
    YEAR = "2017",
    VOLUME = "266",
    ISSUE = "",
    PAGES = "39-45"
}

%%##################################################
%% ARTICLE   CuandPd
%%##################################################
@ARTICLE{CuandPd,
    TYPE = "ARTICLE",
    CITE = "CuandPd",
    AUTHOR = "L. Malakkal and  R. K. Siripurapu",
    TITLE = "First principles calculations of hydrogen storage on Cu and Pd-decorated graphene",
    JOURNAL = "International Journal of Hydrogen Energy",
    YEAR = "2016",
    VOLUME = "41",
    ISSUE = "",
    PAGES = "17652-17656"
}

%%##################################################
%% ARTICLE   ecHeuslerAlloy
%%##################################################
@ARTICLE{ecHeuslerAlloy,
    TYPE = "ARTICLE",
    CITE = "ecHeuslerAlloy",
    AUTHOR = "P. O. Adebambo and  G. A. Adebayo",
    TITLE = "Elastic constants and observed ferromagnetism in inverse Heusler alloy Ti2CoAs using kjpaw pseudopotentials - A first-principles approach",
    JOURNAL = "Journal of Alloys and Compounds",
    YEAR = "2017",
    VOLUME = "722",
    ISSUE = "",
    PAGES = "207-211"
}

%%##################################################
%% ARTICLE   radionuclides
%%##################################################
@ARTICLE{radionuclides,
    TYPE = "ARTICLE",
    CITE = "radionuclides",
    AUTHOR = "J. Rodenas and  G. Verdu",
    TITLE = "Analysis of nuclear reactions to determine the radionuclides generated and its activity in various devices",
    JOURNAL = "Radiation Physics and Chemistry",
    YEAR = "2020",
    VOLUME = "167",
    ISSUE = "",
    PAGES = "1-6"
}

%%##################################################
%% ONLINE   radiationamounts
%%##################################################
@ONLINE{radiationamounts,
    TYPE = "ONLINE",
    CITE = "radiationamounts",
    AUTHOR = "Ministry of Defence",
    TITLE = "Radioactivity and Health",
    YEAR = "2012",
    URL = "https://assets.publishing.service.gov.uk/government/uploads/system/uploads/attachment\_data/file/34103/SDP\_FS4\_RadioactivityandHealthWEB.pdf"
}

%%##################################################
%% ONLINE   researchreactorstats
%%##################################################
@ONLINE{researchreactorstats,
    TYPE = "ONLINE",
    CITE = "researchreactorstats",
    AUTHOR = "World Nuclear",
    TITLE = "",
    YEAR = "2018",
    URL = "http://www.world-nuclear.org/information-library/non-power-nuclear-applications/radioisotopes-research/research-reactors.aspx"
}

%%##################################################
%% ONLINE   neptunereactor
%%##################################################
@ONLINE{neptunereactor,
    TYPE = "ONLINE",
    CITE = "neptunereactor",
    AUTHOR = "IAEA",
    TITLE = "",
    YEAR = "2018",
    URL = "https://nucleus.iaea.org/RRDB/RR/ReactorSearch.aspx"
}

%%##################################################
%% ONLINE   hfirornl
%%##################################################
@ONLINE{hfirornl,
    TYPE = "ONLINE",
    CITE = "hfirornl",
    AUTHOR = "ORNL",
    TITLE = "",
    YEAR = "2018",
    URL = "https://neutrons.ornl.gov/hfir/parameters"
}

%%##################################################
%% ONLINE   hfirornluserguide
%%##################################################
@ONLINE{hfirornluserguide,
    TYPE = "ONLINE",
    CITE = "hfirornluserguide",
    AUTHOR = "ORNL",
    TITLE = "",
    YEAR = "2018",
    URL = "https://neutrons.ornl.gov/sites/default/files/High Flux Isotope Reactor User Guide 2.0.pdf"
}

%%##################################################
%% BOOK   srimbook
%%##################################################
@BOOK{srimbook,
    TYPE = "BOOK",
    CITE = "srimbook",
    AUTHOR = "J. P. Biersack and  M. D. Ziegler",
    TITLE = "The Stopping and Range of Ions in Matter",
    JOURNAL = "",
    YEAR = "2015",
    VOLUME = "",
    ISSUE = "",
    PAGES = ""
}

%%##################################################
%% ARTICLE   tungstenmd
%%##################################################
@ARTICLE{tungstenmd,
    TYPE = "ARTICLE",
    CITE = "tungstenmd",
    AUTHOR = "Jiechao Cui and  Baoqin Fu",
    TITLE = "Molecular dynamics simulations of tungsten bombardments on tungsten",
    JOURNAL = "Nuclear Inst. and Methods in Physics Research B",
    YEAR = "2018",
    VOLUME = "",
    ISSUE = "",
    PAGES = "In Press"
}

%%##################################################
%% ARTICLE   twobandackland
%%##################################################
@ARTICLE{twobandackland,
    TYPE = "ARTICLE",
    CITE = "twobandackland",
    AUTHOR = "Graeme J. Ackland",
    TITLE = "Two-band second moment model for transition metals and alloys",
    JOURNAL = "Condensed Materials",
    YEAR = "2005",
    VOLUME = "",
    ISSUE = "",
    PAGES = ""
}

%%##################################################
%% ARTICLE   twobandacklandreed
%%##################################################
@ARTICLE{twobandacklandreed,
    TYPE = "ARTICLE",
    CITE = "twobandacklandreed",
    AUTHOR = "Graeme J. Ackland and  Stewart K. Reed",
    TITLE = "Two-band second moment model and an interatomic potential for caesium",
    JOURNAL = "Condensed Materials",
    YEAR = "2008",
    VOLUME = "",
    ISSUE = "",
    PAGES = ""
}

%%##################################################
%% ARTICLE   olssonfecr
%%##################################################
@ARTICLE{olssonfecr,
    TYPE = "ARTICLE",
    CITE = "olssonfecr",
    AUTHOR = "K. Nordlund and  L. Malerba",
    TITLE = "Two-band modelling of alpha prime phase formation in Fe-Cr",
    JOURNAL = "Physical Review B",
    YEAR = "2005",
    VOLUME = "72",
    ISSUE = "",
    PAGES = ""
}

%%##################################################
%% ARTICLE   fulijohanssonzhao
%%##################################################
@ARTICLE{fulijohanssonzhao,
    TYPE = "ARTICLE",
    CITE = "fulijohanssonzhao",
    AUTHOR = "B. Johansson and  J. Zhao",
    TITLE = "Improved Finnis-Sinclair potential for vanadium-rich V-Ti-Cr ternary alloys",
    JOURNAL = "Journal of Alloys and Compounds",
    YEAR = "2017",
    VOLUME = "705",
    ISSUE = "",
    PAGES = "369-375"
}

%%##################################################
%% ARTICLE   forcematchingmethod
%%##################################################
@ARTICLE{forcematchingmethod,
    TYPE = "ARTICLE",
    CITE = "forcematchingmethod",
    AUTHOR = "F. Ercolessi and  J. B. Adams",
    TITLE = "Interatomic Potentials from First-Principles Calculations: the Force-Matching Method",
    JOURNAL = "Europhys. Lett.",
    YEAR = "1994",
    VOLUME = "26",
    ISSUE = "8",
    PAGES = "583-588"
}

%%##################################################
%% ARTICLE   shengeam
%%##################################################
@ARTICLE{shengeam,
    TYPE = "ARTICLE",
    CITE = "shengeam",
    AUTHOR = "A. Cadien and  T. Fujita and M. W. Chen",
    TITLE = "Highly Optimized Embedded-Atom-Method Potentials for Fourteen FCC Metals",
    JOURNAL = "Europhys. Lett.",
    YEAR = "1994",
    VOLUME = "26",
    ISSUE = "8",
    PAGES = "583-588"
}

%%##################################################
%% ARTICLE   murnaghaneq
%%##################################################
@ARTICLE{murnaghaneq,
    TYPE = "ARTICLE",
    CITE = "murnaghaneq",
    AUTHOR = "F. D. Murnaghan",
    TITLE = "The Compressibility of Media Under Extreme Pressures",
    JOURNAL = "",
    YEAR = "1944",
    VOLUME = "",
    ISSUE = "",
    PAGES = ""
}

%%##################################################
%% ARTICLE   birchmurnaghaneq
%%##################################################
@ARTICLE{birchmurnaghaneq,
    TYPE = "ARTICLE",
    CITE = "birchmurnaghaneq",
    AUTHOR = "F. Birch",
    TITLE = "Finite elastic strain of cubic crystals",
    JOURNAL = "",
    YEAR = "1947",
    VOLUME = "",
    ISSUE = "",
    PAGES = ""
}

%%##################################################
%% BOOK   njcarron
%%##################################################
@BOOK{njcarron,
    TYPE = "BOOK",
    CITE = "njcarron",
    AUTHOR = "N J Carron",
    TITLE = "An Introduction to the Passage of Energetic Particles through Matter",
    JOURNAL = "",
    YEAR = "2007",
    VOLUME = "",
    ISSUE = "",
    PAGES = ""
}

%%##################################################
%% BOOK   medicalmetals133
%%##################################################
@BOOK{medicalmetals133,
    TYPE = "BOOK",
    CITE = "medicalmetals133",
    AUTHOR = "Jeremy L. Gilber",
    TITLE = "Metals - Basic Principles",
    JOURNAL = "",
    YEAR = "",
    VOLUME = "",
    ISSUE = "",
    PAGES = ""
}




%%##################################################
%% ARTICLE   kirchheimpassive
%%##################################################
@ARTICLE{kirchheimpassive,
    TYPE = "ARTICLE",
    CITE = "kirchheimpassive",
    AUTHOR = "H. Knote and  U. Stolz",
    TITLE = "The Passivity of Iron-Chromium Alloys",
    JOURNAL = "Corrosion Science",
    YEAR = "1989",
    VOLUME = "29",
    ISSUE = "7",
    PAGES = "899-917"
}

%%##################################################
%% ARTICLE   kirchheimcc
%%##################################################
@ARTICLE{kirchheimcc,
    TYPE = "ARTICLE",
    CITE = "kirchheimcc",
    AUTHOR = "S. Hoffmann and  H. Hofsass",
    TITLE = "Compositional Changes of Passive Films Due To Different Transport Rates and Preferential Dissolution",
    JOURNAL = "Corrosion Science",
    YEAR = "1990",
    VOLUME = "31",
    ISSUE = "",
    PAGES = "573-578"
}

%%##################################################
%% ARTICLE   nickeldiffusion
%%##################################################
@ARTICLE{nickeldiffusion,
    TYPE = "ARTICLE",
    CITE = "nickeldiffusion",
    AUTHOR = "A. Janotti and  R.C. Reed",
    TITLE = "Diffusion rates of 3d transition metal solutes in nickel by first-principles calculations",
    JOURNAL = "Acta Materialia",
    YEAR = "2005",
    VOLUME = "53",
    ISSUE = "",
    PAGES = "2369-2376"
}

%%##################################################
%% ARTICLE   lightwaterallenbusby
%%##################################################
@ARTICLE{lightwaterallenbusby,
    TYPE = "ARTICLE",
    CITE = "lightwaterallenbusby",
    AUTHOR = "T.R. Allen and J.T. Busby",
    TITLE = "Radiation damage concerns for extended light water Reactor service",
    JOURNAL = "Journal of Materials",
    YEAR = "2009",
    VOLUME = "61",
    ISSUE = "",
    PAGES = "29-34"
}

%%##################################################
%% BOOK   genIVstrucmat
%%##################################################
@BOOK{genIVstrucmat,
    TYPE = "BOOK",
    CITE = "genIVstrucmat",
    AUTHOR = "J. L. Seran and  M. Le Flem",
    TITLE = "Irradiation-resistant Austenitic Steels as Core Materials for Generation IV Nuclear Reactors",
    JOURNAL = "",
    YEAR = "2017",
    VOLUME = "",
    ISSUE = "",
    PAGES = "285-328"
}

%%##################################################
%% BOOK   gswas
%%##################################################
@BOOK{gswas,
    TYPE = "BOOK",
    CITE = "gswas",
    AUTHOR = "G. S. Was",
    TITLE = "Fundamentals of Radiation Materials Science",
    JOURNAL = "",
    YEAR = "2007",
    VOLUME = "",
    ISSUE = "",
    PAGES = ""
}

%%##################################################
%% ONLINE   marlinwiretemp
%%##################################################
@ONLINE{marlinwiretemp,
    TYPE = "ONLINE",
    CITE = "marlinwiretemp",
    AUTHOR = "Marlin Wire",
    TITLE = "",
    YEAR = "2019",
    URL = "https://www.marlinwire.com/"
}

%%##################################################
%% ONLINE   sizewellbtemp
%%##################################################
@ONLINE{sizewellbtemp,
    TYPE = "ONLINE",
    CITE = "sizewellbtemp",
    AUTHOR = "IAEA",
    TITLE = "",
    YEAR = "2019",
    URL = "https://inis.iaea.org/collection/NCLCollectionStore/\_Public/29/010/29010110.pdf"
}

%%##################################################
%% ONLINE   crystaleos
%%##################################################
@ONLINE{crystaleos,
    TYPE = "ONLINE",
    CITE = "crystaleos",
    AUTHOR = "A. Mahmoud ad A. Erba",
    TITLE = "Crystal: Equation of State",
    YEAR = "2019",
    URL = "http://tutorials.crystalsolutions.eu/tutorial.html?td=eos\&tf=eos\_tut"
}

%%##################################################
%% BOOK   advancedbiomass
%%##################################################
@BOOK{advancedbiomass,
    TYPE = "BOOK",
    CITE = "advancedbiomass",
    AUTHOR = "M Müller and  P. U. Foscolo",
    TITLE = "Advanced Biomass Gasification - New Concepts for Efficiency Increase and Product Flexibility",
    JOURNAL = "",
    YEAR = "2016",
    VOLUME = "",
    ISSUE = "",
    PAGES = ""
}

%%##################################################
%% ONLINE   abcdftsissa
%%##################################################
@ONLINE{abcdftsissa,
    TYPE = "ONLINE",
    CITE = "abcdftsissa",
    AUTHOR = "SISSA",
    TITLE = "",
    YEAR = "2020",
    URL = "https://people.sissa.it/\~degironc/ES/lectures/ABCofDFT.pdf"
}

%%##################################################
%% ARTICLE   kohnsham
%%##################################################
@ARTICLE{kohnsham,
    TYPE = "ARTICLE",
    CITE = "kohnsham",
    AUTHOR = "W. Kohn and  L. J. Sham",
    TITLE = "Self-Consistent Equations Including Exchange and Correlation Effects",
    JOURNAL = "Physical Review",
    YEAR = "1965",
    VOLUME = "140",
    ISSUE = "",
    PAGES = ""
}

%%##################################################
%% ONLINE   webelementspd
%%##################################################
@ONLINE{webelementspd,
    TYPE = "ONLINE",
    CITE = "webelementspd",
    AUTHOR = "The University of Sheffield and WebElements Ltd and  UK",
    TITLE = "",
    YEAR = "2020",
    URL = "https://www.webelements.com/palladium/crystal\_structure.html"
}

%%##################################################
%% ONLINE   webelementsfe
%%##################################################
@ONLINE{webelementsfe,
    TYPE = "ONLINE",
    CITE = "webelementsfe",
    AUTHOR = "The University of Sheffield and WebElements Ltd and  UK",
    TITLE = "",
    YEAR = "2020",
    URL = "https://www.webelements.com/iron/physics.html"
}

%%##################################################
%% ARTICLE   semiempiricalpots
%%##################################################
@ARTICLE{semiempiricalpots,
    TYPE = "ARTICLE",
    CITE = "semiempiricalpots",
    AUTHOR = "Jae-Hyeok Shim and  M. I. Baskes",
    TITLE = "Semiempirical atomic potentials for the fcc metals Cu, Ag, Au, Ni, Pd, Pt, Al, and Pb based on first and second nearest-neighbor modified embedded atom method",
    JOURNAL = "Physical Review B",
    YEAR = "2003",
    VOLUME = "68",
    ISSUE = "",
    PAGES = ""
}

%%##################################################
%% ARTICLE   femendelev
%%##################################################
@ARTICLE{femendelev,
    TYPE = "ARTICLE",
    CITE = "femendelev",
    AUTHOR = "G. J. Ackland and  D. Y. Sun \& M. Asta",
    TITLE = "Development of new interatomic potentials appropriate for crystalline and liquid iron",
    JOURNAL = "Philosophical Magazine",
    YEAR = "2003",
    VOLUME = "83",
    ISSUE = "",
    PAGES = "3977-3994"
}

%%##################################################
%% ARTICLE   proptial
%%##################################################
@ARTICLE{proptial,
    TYPE = "ARTICLE",
    CITE = "proptial",
    AUTHOR = "L. Wang and  H. Liu and L. Song",
    TITLE = "Ab Initio Study of the Elastic and Mechanical Properties of B19 TiAl",
    JOURNAL = "Crystals",
    YEAR = "2017",
    VOLUME = "7",
    ISSUE = "39",
    PAGES = "1-11"
}

%%##################################################
%% ONLINE   gilgamesheos
%%##################################################
@ONLINE{gilgamesheos,
    TYPE = "ONLINE",
    CITE = "gilgamesheos",
    AUTHOR = "gilgamesh",
    TITLE = "Fitting Birch-Murnaghan",
    YEAR = "2013",
    URL = "http://gilgamesh.cheme.cmu.edu/doc/software/jacapo/appendices/appendix-eos.html"
}

%%##################################################
%% ARTICLE   Jamal2014
%%##################################################
@ARTICLE{Jamal2014,
    TYPE = "ARTICLE",
    CITE = "Jamal2014",
    AUTHOR = "Iftikhar and {Rahnamaye Aliabad} and  H. A.",
    TITLE = "{Elastic constants of cubic crystals}",
    JOURNAL = "Computational Materials Science",
    YEAR = "2014",
    VOLUME = "95",
    PAGES = "592--599",
    URL = "http://dx.doi.org/10.1016/j.commatsci.2014.08.027"
}

%%##################################################
%% BOOK   dlpolymanual
%%##################################################
@BOOK{dlpolymanual,
    TYPE = "BOOK",
    CITE = "dlpolymanual",
    AUTHOR = "I.T.Todorov \& W. Smith",
    TITLE = "The DL\_POLY\_4 User Manual",
    JOURNAL = "",
    YEAR = "2016",
    VOLUME = "",
    ISSUE = "4.08",
    PAGES = ""
}

%%##################################################
%% ONLINE   lanltour
%%##################################################
@ONLINE{lanltour,
    TYPE = "ONLINE",
    CITE = "lanltour",
    AUTHOR = "Los Alamos National Laboratory",
    TITLE = "Los Alamos National Laboratory Tour",
    YEAR = "2013",
    URL = "http://t2.lanl.gov/nis/tour/sch007.html"
}



%%##################################################
%% ONLINE   stainsbyrgfr
%%##################################################
@ONLINE{stainsbyrgfr,
    TYPE = "ONLINE",
    CITE = "stainsbyrgfr",
    AUTHOR = "Stainsby, R",
    TITLE = "Los Alamos National Laboratory Tour",
    YEAR = "2013",
    URL = "http://www.iaea.org/INPRO/cooperation/5th_GIF_Meeting/GFR_Stainsby.pdf"
}




%%##################################################
%% ARTICLE   elasticprofecr
%%##################################################
@ARTICLE{elasticprofecr,
    TYPE = "ARTICLE",
    CITE = "elasticprofecr",
    AUTHOR = "Yuchen Dou and Hong Luo and Jing Zhang",
    TITLE = "Elastic Properties of FeCr20 Ni8Xn (X = Mo, Nb, Ta, Ti, V, W and Zr) Austenitic Stainless Steels: A First Principles Study",
    JOURNAL = "Metals",
    YEAR = "2019",
    VOLUME = "9",
    ISSUE = "145",
    PAGES = ""
}

%%##################################################
%% ARTICLE   hydrogenhtr
%%##################################################
@ARTICLE{hydrogenhtr,
    TYPE = "ARTICLE",
    CITE = "hydrogenhtr",
    AUTHOR = "Sangeeta Deokattey and K. Bhanumurthy and P. K. Vijayan and I. V. Dulera",
    TITLE = "Hydrogen production using high temperature reactors: an overview",
    JOURNAL = "Advances in Energy Research",
    YEAR = "2013",
    VOLUME = "1",
    ISSUE = "1",
    PAGES = "013-033"
}


%%##################################################
%% ONLINE   crystengcommzirlo
%%##################################################
@ONLINE{crystengcommzirlo,
    TYPE = "ONLINE",
    CITE = "crystengcommzirlo",
    AUTHOR = "Philippe F Weck and Eunja Kim and Veena Tikare and John A Mitchell",
    TITLE = "Mechanical properties of zirconium alloys and zirconium hydrides predicted from density functional perturbation theory",
    YEAR = "2020",
    URL = "https://www.osti.gov/pages/servlets/purl/1259850"
}


%%##################################################
%% ONLINE   magnoxtemp
%%##################################################
@ONLINE{magnoxtemp,
    TYPE = "ONLINE",
    CITE = "magnoxtemp",
    AUTHOR = "S. E. Jensen and E. Nonbol",
    TITLE = "Description of the Magnox Type of Gas Cooled Reactor (MAGNOX)",
    YEAR = "1998",
    URL = "https://inis.iaea.org/collection/NCLCollectionStore/_Public/30/052/30052480.pdf"
}


%%##################################################
%% ONLINE   carnottheorem
%%##################################################
@ONLINE{carnottheorem,
    TYPE = "ONLINE",
    CITE = "carnottheorem",
    AUTHOR = "Wikipedia",
    TITLE = "Carnot's theorem (thermodynamics)",
    YEAR = "2020",
    URL = "https://en.wikipedia.org/wiki/Carnot%27s_theorem_(thermodynamics)"
}


%%##################################################
%% ONLINE   genivgif
%%##################################################
@ONLINE{genivgif,
    TYPE = "ONLINE",
    CITE = "genivgif",
    AUTHOR = "GenIV International Forum",
    TITLE = "Introduction to Generation IV Nuclear Energy Systems and the International Forum",
    YEAR = "2013",
    URL = "https://www.iea.org/topics/world-energy-outlook"
}

%%##################################################
%% ONLINE   ccppwiki
%%##################################################
@ONLINE{ccppwiki,
    TYPE = "ONLINE",
    CITE = "ccppwiki",
    AUTHOR = "Wikipedia",
    TITLE = "Combined cycle power plant",
    YEAR = "2020",
    URL = "https://en.wikipedia.org/wiki/Combined_cycle_power_plant"
}

%%##################################################
%% ONLINE   genivgifvhtr
%%##################################################
@ONLINE{genivgifvhtr,
    TYPE = "ONLINE",
    CITE = "genivgifvhtr",
    AUTHOR = "GenIV International Forum",
    TITLE = "Very-High-Temperature Reactor (VHTR)",
    YEAR = "2020",
    URL = "https://www.gen-4.org/gif/jcms/c_9362/vhtr"
}

%%##################################################
%% ONLINE   genivgifgfr
%%##################################################
@ONLINE{genivgifgfr,
    TYPE = "ONLINE",
    CITE = "genivgifgfr",
    AUTHOR = "GenIV International Forum",
    TITLE = "Gas-Cooled Fast Reactor (GFR)",
    YEAR = "2020",
    URL = "https://www.gen-4.org/gif/jcms/c_9357/gfr"
}


%%##################################################
%% ONLINE   uraniumenrichment
%%##################################################
@ONLINE{uraniumenrichment,
    TYPE = "ONLINE",
    CITE = "uraniumenrichment",
    AUTHOR = "World Nuclear",
    TITLE = "Uranium Enrichment",
    YEAR = "2020",
    URL = "https://www.world-nuclear.org/information-library/nuclear-fuel-cycle/conversion-enrichment-and-fabrication/uranium-enrichment.aspx"
}





%%##################################################
%% ARTICLE   corrosionalloysmfs
%%##################################################
@ARTICLE{corrosionalloysmfs,
    TYPE = "ARTICLE",
    CITE = "corrosionalloysmfs",
    AUTHOR = "G. Zheng and K. Sridharan",
    TITLE = "Corrosion of Structural Alloys in High-Temperature Molten Fluoride Salts for Applications in Molten Salt Reactors",
    JOURNAL = "Journal of Materials",
    YEAR = "2018",
    VOLUME = "70",
    ISSUE = "8",
    PAGES = "1535-1541 "
}


%%##################################################
%% ARTICLE   damagebcctungsten
%%##################################################
@ARTICLE{damagebcctungsten,
    TYPE = "ARTICLE",
    CITE = "damagebcctungsten",
    AUTHOR = "J. Fikar and R. Schäublin Ecole",
    TITLE = "Molecular dynamics simulation of radiation damage in bcc tungsten",
    JOURNAL = "Journal of Nuclear Materials",
    YEAR = "2009",
    VOLUME = "",
    ISSUE = "101",
    PAGES = "97-101"
}




%%##################################################
%% ARTICLE   damagebcciron
%%##################################################
@ARTICLE{damagebcciron,
    TYPE = "ARTICLE",
    CITE = "damagebcciron",
    AUTHOR = "Andrew F. Calder and David J. Bacon and Alexander V. Barashev and Yuri N. Osetsky",
    TITLE = "Computer simulation of cascade damage in a-iron with carbon in solution",
    JOURNAL = "Journal of Nuclear Materials",
    YEAR = "2008",
    VOLUME = "",
    ISSUE = "382",
    PAGES = "91-95"
}




%%##################################################
%% ARTICLE   scalediagram
%%##################################################
@ARTICLE{scalediagram,
    TYPE = "ARTICLE",
    CITE = "scalediagram",
    AUTHOR = "Roger Rousseau and Vassiliki-Alexandra Glezakou and Annabella Selloni",
    TITLE = "Theoretical insights into the surface physics and chemistry of redox-active oxides",
    JOURNAL = "Nature Reviews Materials",
    YEAR = "2020",
    VOLUME = "",
    ISSUE = "5",
    PAGES = "460-475"
    URL="https://www.nature.com/articles/s41578-020-0198-9?proof=t"
}





%%##################################################
%% ARTICLE   buckpot
%%##################################################
@ARTICLE{buckpot,
    TYPE = "ARTICLE",
    CITE = "buckpot",
    AUTHOR = "Christopher M. Mauney and Davide Lazzati",
    TITLE = "The formation of astrophysical Mg-rich silicate dust",
    JOURNAL = "Molecular Astrophysics",
    YEAR = "2018",
    VOLUME = "12",
    ISSUE = "March",
    PAGES = "1-9"
}




%%##################################################
%% ONLINE   synchrotrons
%%##################################################
@ONLINE{synchrotrons,
    TYPE = "ONLINE",
    CITE = "synchrotrons",
    AUTHOR = "Diamond",
    TITLE = "About Synchrotrons",
    YEAR = "2020",
    URL = "https://www.diamond.ac.uk/Home/About/FAQs/About-Synchrotrons.html"
}

%%##################################################
%% ONLINE   cyclotrons
%%##################################################
@ONLINE{cyclotrons,
    TYPE = "ONLINE",
    CITE = "cyclotrons",
    AUTHOR = "IAEA Department of Nuclear Sciences and Applications",
    TITLE = "Directory of Cyclotrons used for Radionuclide Production in Member States ",
    YEAR = "2006",
    URL = "http://www-naweb.iaea.org/napc/iachem/cyclotrons/PDF/DCRP.pdf"
}



%%##################################################
%% ONLINE   hfiruserguide
%%##################################################
@ONLINE{hfiruserguide,
    TYPE = "ONLINE",
    CITE = "hfiruserguide",
    AUTHOR = "ORNL",
    TITLE = "High Flux Isotope Reactor (HFIR) USER GUIDE",
    YEAR = "2015",
    URL = "https://neutrons.ornl.gov/sites/default/files/High%20Flux%20Isotope%20Reactor%20User%20Guide%202.0.pdf"
}


%%##################################################
%% ONLINE   spallationsource
%%##################################################
@ONLINE{spallationsource,
    TYPE = "ONLINE",
    CITE = "spallationsource",
    AUTHOR = "ORNL - E. B. Iverson",
    TITLE = "Neutron Moderation",
    YEAR = "2016",
    URL = "https://conference.sns.gov/event/56/attachments/64/99/Lecture_2a_-_Neutron_Moderation_-_Erik_Iverson.pdf"
}





%%##################################################
%% ONLINE   spallationsourceflux
%%##################################################
@ONLINE{spallationsourceflux,
    TYPE = "ONLINE",
    CITE = "spallationsourceflux",
    AUTHOR = "M. N. H. Comsan",
    TITLE = "Spallation Neutron Sources for Science and Technology",
    YEAR = "2011",
    URL = "https://inis.iaea.org/collection/NCLCollectionStore/_Public/43/099/43099436.pdf"
}




%%##################################################
%% ONLINE   webelementsni
%%##################################################
@ONLINE{webelementsni,
    TYPE = "ONLINE",
    CITE = "webelementsni",
    AUTHOR = "webelements.com",
    TITLE = "Webelements: Nickel",
    YEAR = "2020",
    URL = "https://www.webelements.com/nickel"
}


%%##################################################
%% ONLINE   webelementscr
%%##################################################
@ONLINE{webelementscr,
    TYPE = "ONLINE",
    CITE = "webelementscr",
    AUTHOR = "webelements.com",
    TITLE = "Webelements: Chromium",
    YEAR = "2020",
    URL = "https://www.webelements.com/chromium"
}

%%##################################################
%% ONLINE   webelementsfe
%%##################################################
@ONLINE{webelementsfe,
    TYPE = "ONLINE",
    CITE = "webelementsfe",
    AUTHOR = "webelements.com",
    TITLE = "Webelements: Iron",
    YEAR = "2020",
    URL = "https://www.webelements.com/iron"
}

%%##################################################
%% ONLINE   webelementsal
%%##################################################
@ONLINE{webelementsal,
    TYPE = "ONLINE",
    CITE = "webelementsal",
    AUTHOR = "webelements.com",
    TITLE = "Webelements: Aluminium",
    YEAR = "2020",
    URL = "https://www.webelements.com/aluminium"
}

%%##################################################
%% ONLINE   webelementspd
%%##################################################
@ONLINE{webelementspd,
    TYPE = "ONLINE",
    CITE = "webelementspd",
    AUTHOR = "webelements.com",
    TITLE = "Webelements: Palladium",
    YEAR = "2020",
    URL = "https://www.webelements.com/palladium"
}

%%##################################################
%% ONLINE   bandgap
%%##################################################
@ONLINE{bandgap,
    TYPE = "ONLINE",
    CITE = "bandgap",
    AUTHOR = "Hyperphysics",
    TITLE = "Energy Bands for Solids",
    YEAR = "2020",
    URL = "http://hyperphysics.phy-astr.gsu.edu/hbase/Solids/band.html

}


%%##################################################
%% ARTICLE   marzarivanderbilt
%%##################################################
@ARTICLE{marzarivanderbilt,
    TYPE = "ARTICLE",
    CITE = "marzarivanderbilt",
    AUTHOR = "N. Marzari and D. Vanderbilt and A. De Vita and M. C. Payne",
    TITLE = "Thermal Contraction and Disordering of the Al(110) Surface Nicola",
    JOURNAL = "Condensed Matter",
    YEAR = "2008",
    VOLUME = "",
    ISSUE = "110",
    PAGES = "4-7"
}


%%##################################################
%% ONLINE   worldstainless
%%##################################################
@ONLINE{worldstainless,
    TYPE = "ONLINE",
    CITE = "worldstainless",
    AUTHOR = "World Stainless",
    TITLE = "Stainless Steel: Tables o Technical Properties",
    YEAR = "2020",
    URL = "https://www.worldstainless.org/Files/issf/non-image-files/PDF/Euro_Inox/Tables_TechnicalProperties_EN.pdf"
}


%%##################################################
%% ONLINE   rolledalloys
%%##################################################
@ONLINE{rolledalloys,
    TYPE = "ONLINE",
    CITE = "rolledalloys",
    AUTHOR = "Rolled Alloys",
    TITLE = "What is alloy sensitization?",
    YEAR = "2020",
    URL = "https://www.rolledalloys.com/dotAsset/50dc766c-08f5-43d9-bbda-5d9a9a2fa6d5.jpg"
}



%%##################################################
%% BOOK   propaustenitic
%%##################################################
@BOOK{propaustenitic,
    TYPE = "BOOK",
    CITE = "propaustenitic",
    AUTHOR = "P. J. Maziasz and  M. Le Flem",
    TITLE = "Properties of Austenitic Steels for Nuclear Reactor Applications",
    JOURNAL = "Comprehensive Nuclear Materials",
    YEAR = "2012",
    VOLUME = "2",
    ISSUE = "",
    PAGES = "303-318"
}



%%##################################################
%% ONLINE   ferriticvsaustenitic
%%##################################################
@ONLINE{ferriticvsaustenitic,
    TYPE = "ONLINE",
    CITE = "ferriticvsaustenitic",
    AUTHOR = "Internatoinal Molybdenum Association",
    TITLE = "Metallurgy of Mo in stainless steel",
    YEAR = "2020",
    URL = "https://www.imoa.info/molybdenum-uses/molybdenum-grade-stainless-steels/metallurgy-of-molybdenum-in-stainless-steel.php"
}



%%##################################################
%% ARTICLE   agrigscc
%%##################################################
@ARTICLE{agrigscc,
    TYPE = "ARTICLE",
    CITE = "agrigscc",
    AUTHOR = "Guy O.H. Whillock and Brian J. Hands 1 and Tom P. Majchrowski 2 and David I. Hambley",
    TITLE = "Investigation of thermally sensitised stainless steels as analogues for spent AGR fuel cladding to test a corrosion inhibitor for intergranular stress corrosion cracking",
    JOURNAL = "Journal of Nuclear Materials journal",
    YEAR = "2018",
    VOLUME = "",
    ISSUE = "498",
    PAGES = "187-198"
}


%%##################################################
%% ONLINE   tendlfeco
%%##################################################
@ONLINE{tendlfeco,
    TYPE = "ONLINE",
    CITE = "tendlfeco",
    AUTHOR = "NEA",
    TITLE = "Janis Book",
    YEAR = "2020",
    URL = "https://tendl.web.psi.ch/tendl_2019/other/book-protons.pdf"
}




%%##################################################
%% BOOK   genIVdpa
%%##################################################
@BOOK{genIVdpa,
    TYPE = "BOOK",
    CITE = "genIVdpa",
    AUTHOR = "A. Aitkaliyeva and L. He and H. Wen and B. Miller and X. M. Bai and T. Allen",
    TITLE = "Irradiation effects in Generation IV nuclear reactor materials",
    JOURNAL = "Structural Materials for Generation IV Nuclear Reactors",
    YEAR = "2017",
    VOLUME = "",
    ISSUE = "",
    PAGES = "253-283"
}




%%##################################################
%% ONLINE   ssina
%%##################################################
@ONLINE{ssina,
    TYPE = "ONLINE",
    CITE = "ssina",
    AUTHOR = "Speciality Steel Industry of North America",
    TITLE = "Intergranular Corrosion",
    YEAR = "2020",
    URL = "https://www.ssina.com/education/corrosion/intergranular-corrosion/"
}




%%##################################################
%% ARTICLE   scrstainless
%%##################################################
@ARTICLE{scrstainless,
    TYPE = "ARTICLE",
    CITE = "scrstainless",
    AUTHOR = "D. W. Saxey and B. J. Connolly and C. Cooper and Y. Huang and C. R. M. Grovenor and G. D. W. Smith and K. Govender and S. B. Lyon and A. H. Sherry and A. R. Fones and A. D. Pratt",
    TITLE = "Understanding Stress Corrosion Resistant Stainless Steels at the Atomic Scale",
    JOURNAL = "",
    YEAR = "2010",
    VOLUME = "",
    ISSUE = "",
    PAGES = ""
}



%%##################################################
%% ONLINE   ftnppcost
%%##################################################
@ONLINE{ftnppcost,
    TYPE = "ONLINE",
    CITE = "ftnppcost",
    AUTHOR = "Financial Times",
    TITLE = "Cost of new Sizewell C Nuclear Plant",
    YEAR = "2020",
    URL = "https://www.ft.com/content/77c209f7-6d18-4609-ac3c-77d1b5b82b34"
}


%%##################################################
%% ONLINE   efgccgtcost
%%##################################################
@ONLINE{efgccgtcost,
    TYPE = "ONLINE",
    CITE = "efgccgtcost",
    AUTHOR = "Energy for Generations",
    TITLE = "ESB opens €820m Carrington Power Station in Manchester",
    YEAR = "2020",
    URL = "https://www.esb.ie/tns/press-centre/2017/2017/03/13/esb-opens-820m-carrington-power-station-in-manchester"
}


%%##################################################
%% ONLINE   agrfuelstorage
%%##################################################
@ONLINE{agrfuelstorage,
    TYPE = "ONLINE",
    CITE = "agrfuelstorage",
    AUTHOR = "P. N. Standring",
    TITLE = "The Long Term Storage of Advanced Gas-Cooled Reactor Fuel",
    YEAR = "",
    URL = "https://inis.iaea.org/collection/NCLCollectionStore/_Public/30/040/30040095.pdf"
}


