%%##################################################
%% BOOK   mmfpe
%%##################################################
@BOOK{mmfpe,
    TYPE = "BOOK",
    AUTHOR = "M. P. Hobson and S. J. Bence",
    TITLE = "Mathematical Methods for Physics and Engineering",
    JOURNAL = "",
    YEAR = "2007",
    VOLUME = "",
    ISSUE = "",
    PAGES = ""
}

%%##################################################
%% BOOK   jeff311
%%##################################################
@BOOK{jeff311,
    TYPE = "BOOK",
    AUTHOR = "C. Vaglio and J-F. Vidal",
    TITLE = "The JEFF-3.1.1 Nuclear Data Library",
    JOURNAL = "",
    YEAR = "2009",
    VOLUME = "",
    ISSUE = "",
    PAGES = ""
}

%%##################################################
%% BOOK   elasticpropertiesmehl
%%##################################################
@BOOK{elasticpropertiesmehl,
    TYPE = "BOOK",
    AUTHOR = "B. M. Klein and  D. A. Papaconstantopoulos",
    TITLE = "First Principles Calculations of Elastic Properties of Metals",
    JOURNAL = "",
    YEAR = "1994",
    VOLUME = "",
    ISSUE = "",
    PAGES = ""
}

%%##################################################
%% BOOK   srimbook
%%##################################################
@BOOK{srimbook,
    TYPE = "BOOK",
    AUTHOR = "J. P. Biersack and M. D. Ziegler",
    TITLE = "The Stopping and Range of Ions in Matter",
    JOURNAL = "",
    YEAR = "2015",
    VOLUME = "",
    ISSUE = "",
    PAGES = ""
}

%%##################################################
%% BOOK   njcarron
%%##################################################
@BOOK{njcarron,
    TYPE = "BOOK",
    AUTHOR = "N J Carron",
    TITLE = "An Introduction to the Passage of Energetic Particles through Matter",
    JOURNAL = "",
    YEAR = "2007",
    VOLUME = "",
    ISSUE = "",
    PAGES = ""
}

%%##################################################
%% BOOK   medicalmetals133
%%##################################################
@BOOK{medicalmetals133,
    TYPE = "BOOK",
    AUTHOR = "Jeremy L. Gilber",
    TITLE = "Metals - Basic Principles",
    JOURNAL = "",
    YEAR = "",
    VOLUME = "",
    ISSUE = "",
    PAGES = ""
}

%%##################################################
%% BOOK   genIVstrucmat
%%##################################################
@BOOK{genIVstrucmat,
    TYPE = "BOOK",
    AUTHOR = "J. L. Seran and M. Le Flem",
    TITLE = "Irradiation-resistant Austenitic Steels as Core Materials for Generation IV Nuclear Reactors",
    JOURNAL = "",
    YEAR = "2017",
    VOLUME = "",
    ISSUE = "",
    PAGES = "285-328"
}

%%##################################################
%% BOOK   gswas
%%##################################################
@BOOK{gswas,
    TYPE = "BOOK",
    AUTHOR = "G. S. Was",
    TITLE = "Fundamentals of Radiation Materials Science",
    JOURNAL = "",
    YEAR = "2007",
    VOLUME = "",
    ISSUE = "",
    PAGES = ""
}

%%##################################################
%% BOOK   advancedbiomass
%%##################################################
@BOOK{advancedbiomass,
    TYPE = "BOOK",
    AUTHOR = "M MÃ¼ller and  P. U. Foscolo",
    TITLE = "Advanced Biomass Gasification - New Concepts for Efficiency Increase and Product Flexibility",
    JOURNAL = "",
    YEAR = "2016",
    VOLUME = "",
    ISSUE = "",
    PAGES = ""
}

%%##################################################
%% BOOK   dlpolymanual
%%##################################################
@BOOK{dlpolymanual,
    TYPE = "BOOK",
    AUTHOR = "I.T.Todorov and W. Smith",
    TITLE = "The DL_POLY_4 User Manual",
    JOURNAL = "",
    YEAR = "2016",
    VOLUME = "",
    ISSUE = "4.08",
    PAGES = ""
}

%%##################################################
%% BOOK   propaustenitic
%%##################################################
@BOOK{propaustenitic,
    TYPE = "BOOK",
    AUTHOR = "P. J. Maziasz and  M. Le Flem",
    TITLE = "Properties of Austenitic Steels for Nuclear Reactor Applications",
    JOURNAL = "Comprehensive Nuclear Materials",
    YEAR = "2012",
    VOLUME = "2",
    ISSUE = "",
    PAGES = "303-318"
}

%%##################################################
%% BOOK   genIVdpa
%%##################################################
@BOOK{genIVdpa,
    TYPE = "BOOK",
    AUTHOR = "A. Aitkaliyeva and L. He and H. Wen and B. Miller and X. M. Bai and T. Allen",
    TITLE = "Irradiation effects in Generation IV nuclear reactor materials",
    JOURNAL = "Structural Materials for Generation IV Nuclear Reactors",
    YEAR = "2017",
    VOLUME = "",
    ISSUE = "",
    PAGES = "253-283"
}

%%##################################################
%% BOOK   staehlecoriou
%%##################################################
@BOOK{staehlecoriou,
    TYPE = "BOOK",
    AUTHOR = "R.W. Staehle",
    TITLE = "Historical views on stress corrosion cracking of nickel-based alloys, the Coriou effect",
    JOURNAL = "Stress Corrosion Cracking of Nickel-based Alloys in Water-cooled Nuclear Reactors",
    YEAR = "2016",
    VOLUME = "",
    ISSUE = "",
    PAGES = ""
}

%%##################################################
%% BOOK   wasstrucaustenitic
%%##################################################
@BOOK{wasstrucaustenitic,
    TYPE = "BOOK",
    AUTHOR = "Gary S. Was and Shigeharu Ukai",
    TITLE = "Austenitic Stainless Steels",
    JOURNAL = "Structural Alloys for Nuclear Energy Applications",
    YEAR = "2019",
    VOLUME = "",
    ISSUE = "",
    PAGES = ""
}

