@ARTICLE{vonNeumannRNGQuote,
AUTHOR     = {John von Neumann, George E. Forsythe},
TITLE      = {Various Techniques Used in Connection With Random Digits},
JOURNAL    = {J. Res. Nat. Bur. Stand. Appl. Math},
VOLUME     = {Series 3},
ISSUE      = {36-38},
PAGES      = {},
YEAR       = {1951},
}
