%%##################################################
%% ONLINE   gen4
%%##################################################
@ONLINE{gen4,
    TYPE = "ONLINE",
    AUTHOR = "H. Khartabil",
    TITLE = "Gen-4 Reactors",
    YEAR = "2013",
    URL = "http://www.gen-4.org/GIF/About/documents/25-Session2-3-Khartabil.pdf"
}

%%##################################################
%% ONLINE   ocw01
%%##################################################
@ONLINE{ocw01,
    TYPE = "ONLINE",
    AUTHOR = "MIT Open Courseware",
    TITLE = "Engineering of Nuclear Systems - Lecture 6A",
    YEAR = "2013",
    URL = "http://ocw.mit.edu/courses/nuclear-engineering/22-06-engineering-of-nuclear-systems-fall-2010/lectures-and-readings/MIT22\_06F10\_lec06a.pdf"
}

%%##################################################
%% ONLINE   ocw02
%%##################################################
@ONLINE{ocw02,
    TYPE = "ONLINE",
    AUTHOR = "MIT Open Courseware",
    TITLE = "Engineering of Nuclear Systems - Lecture 6B",
    YEAR = "2013",
    URL = "http://ocw.mit.edu/courses/nuclear-engineering/22-06-engineering-of-nuclear-systems-fall-2010/lectures-and-readings/MIT22\_06F10\_lec06b.pdf"
}

%%##################################################
%% ONLINE   fecrschaeffler
%%##################################################
@ONLINE{fecrschaeffler,
    TYPE = "ONLINE",
    AUTHOR = "BSSA",
    TITLE = "BSSA",
    YEAR = "2019",
    URL = "https://www.bssa.org.uk/topics.php\?article=121"
}

%%##################################################
%% ONLINE   lma001
%%##################################################
@ONLINE{lma001,
    TYPE = "ONLINE",
    AUTHOR = "Prof. A. Zisserman",
    TITLE = "Optimization Lecture 2",
    YEAR = "2014",
    URL = "http://www.robots.ox.ac.uk/\~az/lectures/b1/lect2.pdf"
}

%%##################################################
%% ONLINE   lenjonesparams001
%%##################################################
@ONLINE{lenjonesparams001,
    TYPE = "ONLINE",
    AUTHOR = "Richards Centre at Yale University",
    TITLE = "Van der Waals Potential Energy",
    YEAR = "2013",
    URL = "http://www.csb.yale.edu/userguides/datamanip/autodock/html/Using\_AutoDock\_305.a.html"
}

%%##################################################
%% ONLINE   wikivirialstress
%%##################################################
@ONLINE{wikivirialstress,
    TYPE = "ONLINE",
    AUTHOR = "Wikipedia",
    TITLE = "Virial Stress",
    YEAR = "2016",
    URL = "https://en.wikipedia.org/wiki/Virial\_stress"
}

%%##################################################
%% ONLINE   srimwebsite
%%##################################################
@ONLINE{srimwebsite,
    TYPE = "ONLINE",
    AUTHOR = "J. Ziegler",
    TITLE = "The Stopping and Range of Ions in Matter",
    YEAR = "2019",
    URL = "http://www.srim.org/SRIM/SRIMINTRO.htm"
}

%%##################################################
%% ONLINE   decay
%%##################################################
@ONLINE{decay,
    TYPE = "ONLINE",
    AUTHOR = "A. A. Sonzogni",
    TITLE = "Nuclear Data Services. www-nds.iaea.org",
    YEAR = "2006",
    URL = "http://www-nds.iaea.org/ndspub/download-endf/ENDF-B-VII.0/decay-index.htm"
}

%%##################################################
%% ONLINE   radiationamounts
%%##################################################
@ONLINE{radiationamounts,
    TYPE = "ONLINE",
    AUTHOR = "Ministry of Defence",
    TITLE = "Radioactivity and Health",
    YEAR = "2012",
    URL = "https://assets.publishing.service.gov.uk/government/uploads/system/uploads/attachment\_data/file/34103/SDP\_FS4\_RadioactivityandHealthWEB.pdf"
}

%%##################################################
%% ONLINE   researchreactorstats
%%##################################################
@ONLINE{researchreactorstats,
    TYPE = "ONLINE",
    AUTHOR = "World Nuclear",
    TITLE = "",
    YEAR = "2018",
    URL = "http://www.world-nuclear.org/information-library/non-power-nuclear-applications/radioisotopes-research/research-reactors.aspx"
}

%%##################################################
%% ONLINE   neptunereactor
%%##################################################
@ONLINE{neptunereactor,
    TYPE = "ONLINE",
    AUTHOR = "IAEA",
    TITLE = "",
    YEAR = "2018",
    URL = "https://nucleus.iaea.org/RRDB/RR/ReactorSearch.aspx"
}

%%##################################################
%% ONLINE   hfirornl
%%##################################################
@ONLINE{hfirornl,
    TYPE = "ONLINE",
    AUTHOR = "ORNL",
    TITLE = "",
    YEAR = "2018",
    URL = "https://neutrons.ornl.gov/hfir/parameters"
}

%%##################################################
%% ONLINE   hfirornluserguide
%%##################################################
@ONLINE{hfirornluserguide,
    TYPE = "ONLINE",
    AUTHOR = "ORNL",
    TITLE = "",
    YEAR = "2018",
    URL = "https://neutrons.ornl.gov/sites/default/files/High Flux Isotope Reactor User Guide 2.0.pdf"
}

%%##################################################
%% ONLINE   shengeamonline
%%##################################################
@ONLINE{shengeamonline,
    TYPE = "ONLINE",
    AUTHOR = "H. Sheng",
    TITLE = "EAM Potentials",
    YEAR = "2012",
    URL = "https://sites.google.com/site/eampotentials"
}

%%##################################################
%% ONLINE   marlinwiretemp
%%##################################################
@ONLINE{marlinwiretemp,
    TYPE = "ONLINE",
    AUTHOR = "Marlin Wire",
    TITLE = "",
    YEAR = "2019",
    URL = "https://www.marlinwire.com/"
}

%%##################################################
%% ONLINE   sizewellbtemp
%%##################################################
@ONLINE{sizewellbtemp,
    TYPE = "ONLINE",
    AUTHOR = "IAEA",
    TITLE = "",
    YEAR = "2019",
    URL = "https://inis.iaea.org/collection/NCLCollectionStore/\_Public/29/010/29010110.pdf"
}

%%##################################################
%% ONLINE   crystaleos
%%##################################################
@ONLINE{crystaleos,
    TYPE = "ONLINE",
    AUTHOR = "A. Mahmoud ad A. Erba",
    TITLE = "Crystal: Equation of State",
    YEAR = "2019",
    URL = "http://tutorials.crystalsolutions.eu/tutorial.html?td=eos\&tf=eos\_tut"
}

%%##################################################
%% ONLINE   abcdftsissa
%%##################################################
@ONLINE{abcdftsissa,
    TYPE = "ONLINE",
    AUTHOR = "SISSA",
    TITLE = "",
    YEAR = "2020",
    URL = "https://people.sissa.it/\~degironc/ES/lectures/ABCofDFT.pdf"
}

%%##################################################
%% ONLINE   gilgamesheos
%%##################################################
@ONLINE{gilgamesheos,
    TYPE = "ONLINE",
    AUTHOR = "gilgamesh",
    TITLE = "Fitting Birch-Murnaghan",
    YEAR = "2013",
    URL = "http://gilgamesh.cheme.cmu.edu/doc/software/jacapo/appendices/appendix-eos.html"
}

%%##################################################
%% ONLINE   differentsteels
%%##################################################
@ONLINE{differentsteels,
    TYPE = "ONLINE",
    AUTHOR = "Accu",
    TITLE = "What Is The Difference Between Ferritic, Austenitic And Martensitic Stainless Steels?",
    YEAR = "2020",
    URL = "https://www.accu.co.uk/en/p/112-what-is-the-difference-between-ferritic-austenitic-martensitic-stainless-steels-accu"
}

%%##################################################
%% ONLINE   lanltour
%%##################################################
@ONLINE{lanltour,
    TYPE = "ONLINE",
    AUTHOR = "Los Alamos National Laboratory",
    TITLE = "Los Alamos National Laboratory Tour",
    YEAR = "2013",
    URL = "http://t2.lanl.gov/nis/tour/sch007.html"
}

%%##################################################
%% ONLINE   acklandec
%%##################################################
@ONLINE{acklandec,
    TYPE = "ONLINE",
    AUTHOR = "B B Karki and G J Ackland and J Crain",
    TITLE = "Elastic instabilities in crystals from ab initio stressâ€“strain relations",
    YEAR = "2013",
    URL = "http://www.homepages.ed.ac.uk/gja/karki1.pdf"
}

%%##################################################
%% ONLINE   stainsbyrgfr
%%##################################################
@ONLINE{stainsbyrgfr,
    TYPE = "ONLINE",
    AUTHOR = "Stainsby and  R",
    TITLE = "Los Alamos National Laboratory Tour",
    YEAR = "2013",
    URL = "http://www.iaea.org/INPRO/cooperation/5th\_GIF\_Meeting/GFR\_Stainsby.pdf"
}

%%##################################################
%% ONLINE   crystengcommzirlo
%%##################################################
@ONLINE{crystengcommzirlo,
    TYPE = "ONLINE",
    AUTHOR = "Philippe F Weck and Eunja Kim and Veena Tikare and John A Mitchell",
    TITLE = "Mechanical properties of zirconium alloys and zirconium hydrides predicted from density functional perturbation theory",
    YEAR = "2020",
    URL = "https://www.osti.gov/pages/servlets/purl/1259850"
}

%%##################################################
%% ONLINE   magnoxtemp
%%##################################################
@ONLINE{magnoxtemp,
    TYPE = "ONLINE",
    AUTHOR = "S. E. Jensen and E. Nonbol",
    TITLE = "Description of the Magnox Type of Gas Cooled Reactor (MAGNOX)",
    YEAR = "1998",
    URL = "https://inis.iaea.org/collection/NCLCollectionStore/\_Public/30/052/30052480.pdf"
}

%%##################################################
%% ONLINE   carnottheorem
%%##################################################
@ONLINE{carnottheorem,
    TYPE = "ONLINE",
    AUTHOR = "Wikipedia",
    TITLE = "Carnot's theorem (thermodynamics)",
    YEAR = "2020",
    URL = "https://en.wikipedia.org/wiki/Carnot\%27s\_theorem\_(thermodynamics)"
}

%%##################################################
%% ONLINE   genivgif
%%##################################################
@ONLINE{genivgif,
    TYPE = "ONLINE",
    AUTHOR = "GenIV International Forum",
    TITLE = "Introduction to Generation IV Nuclear Energy Systems and the International Forum",
    YEAR = "2013",
    URL = "https://www.iea.org/topics/world-energy-outlook"
}

%%##################################################
%% ONLINE   ccppwiki
%%##################################################
@ONLINE{ccppwiki,
    TYPE = "ONLINE",
    AUTHOR = "Wikipedia",
    TITLE = "Combined cycle power plant",
    YEAR = "2020",
    URL = "https://en.wikipedia.org/wiki/Combined\_cycle\_power\_plant"
}

%%##################################################
%% ONLINE   genivgifvhtr
%%##################################################
@ONLINE{genivgifvhtr,
    TYPE = "ONLINE",
    AUTHOR = "GenIV International Forum",
    TITLE = "Very-High-Temperature Reactor (VHTR)",
    YEAR = "2020",
    URL = "https://www.gen-4.org/gif/jcms/c\_9362/vhtr"
}

%%##################################################
%% ONLINE   genivgifgfr
%%##################################################
@ONLINE{genivgifgfr,
    TYPE = "ONLINE",
    AUTHOR = "GenIV International Forum",
    TITLE = "Gas-Cooled Fast Reactor (GFR)",
    YEAR = "2020",
    URL = "https://www.gen-4.org/gif/jcms/c\_9357/gfr"
}

%%##################################################
%% ONLINE   uraniumenrichment
%%##################################################
@ONLINE{uraniumenrichment,
    TYPE = "ONLINE",
    AUTHOR = "World Nuclear",
    TITLE = "Uranium Enrichment",
    YEAR = "2020",
    URL = "https://www.world-nuclear.org/information-library/nuclear-fuel-cycle/conversion-enrichment-and-fabrication/uranium-enrichment.aspx"
}

%%##################################################
%% ONLINE   synchrotrons
%%##################################################
@ONLINE{synchrotrons,
    TYPE = "ONLINE",
    AUTHOR = "Diamond",
    TITLE = "About Synchrotrons",
    YEAR = "2020",
    URL = "https://www.diamond.ac.uk/Home/About/FAQs/About-Synchrotrons.html"
}

%%##################################################
%% ONLINE   cyclotrons
%%##################################################
@ONLINE{cyclotrons,
    TYPE = "ONLINE",
    AUTHOR = "IAEA Department of Nuclear Sciences and Applications",
    TITLE = "Directory of Cyclotrons used for Radionuclide Production in Member States ",
    YEAR = "2006",
    URL = "http://www-naweb.iaea.org/napc/iachem/cyclotrons/PDF/DCRP.pdf"
}

%%##################################################
%% ONLINE   hfiruserguide
%%##################################################
@ONLINE{hfiruserguide,
    TYPE = "ONLINE",
    AUTHOR = "ORNL",
    TITLE = "High Flux Isotope Reactor (HFIR) USER GUIDE",
    YEAR = "2015",
    URL = "https://neutrons.ornl.gov/sites/default/files/High\%20Flux\%20Isotope\%20Reactor\%20User\%20Guide\%202.0.pdf"
}

%%##################################################
%% ONLINE   spallationsource
%%##################################################
@ONLINE{spallationsource,
    TYPE = "ONLINE",
    AUTHOR = "E. B. Iverson",
    TITLE = "Neutron Moderation",
    YEAR = "2016",
    URL = "https://conference.sns.gov/event/56/attachments/64/99/Lecture\_2a\_-\_Neutron\_Moderation\_-\_Erik\_Iverson.pdf"
}

%%##################################################
%% ONLINE   spallationsourceflux
%%##################################################
@ONLINE{spallationsourceflux,
    TYPE = "ONLINE",
    AUTHOR = "M. N. H. Comsan",
    TITLE = "Spallation Neutron Sources for Science and Technology",
    YEAR = "2011",
    URL = "https://inis.iaea.org/collection/NCLCollectionStore/\_Public/43/099/43099436.pdf"
}

%%##################################################
%% ONLINE   webelementsni
%%##################################################
@ONLINE{webelementsni,
    TYPE = "ONLINE",
    AUTHOR = "webelements.com",
    TITLE = "Webelements: Nickel",
    YEAR = "2020",
    URL = "https://www.webelements.com/nickel"
}

%%##################################################
%% ONLINE   webelementscr
%%##################################################
@ONLINE{webelementscr,
    TYPE = "ONLINE",
    AUTHOR = "webelements.com",
    TITLE = "Webelements: Chromium",
    YEAR = "2020",
    URL = "https://www.webelements.com/chromium"
}

%%##################################################
%% ONLINE   webelementsfe
%%##################################################
@ONLINE{webelementsfe,
    TYPE = "ONLINE",
    AUTHOR = "webelements.com",
    TITLE = "Webelements: Iron",
    YEAR = "2020",
    URL = "https://www.webelements.com/iron"
}

%%##################################################
%% ONLINE   webelementsal
%%##################################################
@ONLINE{webelementsal,
    TYPE = "ONLINE",
    AUTHOR = "webelements.com",
    TITLE = "Webelements: Aluminium",
    YEAR = "2020",
    URL = "https://www.webelements.com/aluminium"
}

%%##################################################
%% ONLINE   webelementspd
%%##################################################
@ONLINE{webelementspd,
    TYPE = "ONLINE",
    AUTHOR = "webelements.com",
    TITLE = "Webelements: Palladium",
    YEAR = "2020",
    URL = "https://www.webelements.com/palladium"
}

%%##################################################
%% ONLINE   bandgap
%%##################################################
@ONLINE{bandgap,
    TYPE = "ONLINE",
    AUTHOR = "Hyperphysics",
    TITLE = "Energy Bands for Solids",
    YEAR = "2020",
    URL = "http://hyperphysics.phy-astr.gsu.edu/hbase/Solids/band.html"
}

%%##################################################
%% ONLINE   worldstainless
%%##################################################
@ONLINE{worldstainless,
    TYPE = "ONLINE",
    AUTHOR = "World Stainless",
    TITLE = "Stainless Steel: Tables o Technical Properties",
    YEAR = "2020",
    URL = "https://www.worldstainless.org/Files/issf/non-image-files/PDF/Euro\_Inox/Tables\_TechnicalProperties\_EN.pdf"
}

%%##################################################
%% ONLINE   rolledalloys
%%##################################################
@ONLINE{rolledalloys,
    TYPE = "ONLINE",
    AUTHOR = "Rolled Alloys",
    TITLE = "What is alloy sensitization?",
    YEAR = "2020",
    URL = "https://www.rolledalloys.com/dotAsset/50dc766c-08f5-43d9-bbda-5d9a9a2fa6d5.jpg"
}

%%##################################################
%% ONLINE   ferriticvsaustenitic
%%##################################################
@ONLINE{ferriticvsaustenitic,
    TYPE = "ONLINE",
    AUTHOR = "Internatoinal Molybdenum Association",
    TITLE = "Metallurgy of Mo in stainless steel",
    YEAR = "2020",
    URL = "https://www.imoa.info/molybdenum-uses/molybdenum-grade-stainless-steels/metallurgy-of-molybdenum-in-stainless-steel.php"
}

%%##################################################
%% ONLINE   tendlfeco
%%##################################################
@ONLINE{tendlfeco,
    TYPE = "ONLINE",
    AUTHOR = "NEA",
    TITLE = "Janis Book",
    YEAR = "2020",
    URL = "https://tendl.web.psi.ch/tendl\_2019/other/book-protons.pdf"
}

%%##################################################
%% ONLINE   ap1000dcd
%%##################################################
@ONLINE{ap1000dcd,
    TYPE = "ONLINE",
    AUTHOR = "United States Nuclear Regulatory Commission",
    TITLE = "AP1000 Design Control Document",
    YEAR = "2020",
    URL = "https://www.nrc.gov/docs/ML1117/ML11171A447.pdf"
}

%%##################################################
%% ONLINE   ssina
%%##################################################
@ONLINE{ssina,
    TYPE = "ONLINE",
    AUTHOR = "Speciality Steel Industry of North America",
    TITLE = "Intergranular Corrosion",
    YEAR = "2020",
    URL = "https://www.ssina.com/education/corrosion/intergranular-corrosion/"
}

%%##################################################
%% ONLINE   ftnppcost
%%##################################################
@ONLINE{ftnppcost,
    TYPE = "ONLINE",
    AUTHOR = "Financial Times",
    TITLE = "Cost of new Sizewell C Nuclear Plant",
    YEAR = "2020",
    URL = "https://www.ft.com/content/77c209f7-6d18-4609-ac3c-77d1b5b82b34"
}

%%##################################################
%% ONLINE   efgccgtcost
%%##################################################
@ONLINE{efgccgtcost,
    TYPE = "ONLINE",
    AUTHOR = "Energy for Generations",
    TITLE = "ESB opens â‚¬820m Carrington Power Station in Manchester",
    YEAR = "2020",
    URL = "https://www.esb.ie/tns/press-centre/2017/2017/03/13/esb-opens-820m-carrington-power-station-in-manchester"
}

%%##################################################
%% ONLINE   agrfuelstorage
%%##################################################
@ONLINE{agrfuelstorage,
    TYPE = "ONLINE",
    AUTHOR = "P. N. Standring",
    TITLE = "The Long Term Storage of Advanced Gas-Cooled Reactor Fuel",
    YEAR = "",
    URL = "https://inis.iaea.org/collection/NCLCollectionStore/\_Public/30/040/30040095.pdf"
}

%%##################################################
%% ONLINE   orbitals3d
%%##################################################
@ONLINE{orbitals3d,
    TYPE = "ONLINE",
    AUTHOR = "Mark Winter",
    TITLE = "Atomic Orbitals",
    YEAR = "",
    URL = "https://winter.group.shef.ac.uk/orbitron/atomic\_orbitals"
}

