%%##################################################
%% ONLINE    agrfuelstorage
%%##################################################
@ONLINE{agrfuelstorage,
TYPE = "ONLINE",
CITE = "agrfuelstorage",
AUTHOR = "P. N. Standring",
TITLE = "The Long Term Storage of Advanced Gas-Cooled Reactor Fuel",
YEAR = "",
URL = "https://inis.iaea.org/collection/NCLCollectionStore/_Public/30/040/30040095.pdf",
}

%%##################################################
%% ONLINE    orbitals3d
%%##################################################
@ONLINE{orbitals3d,
TYPE = "ONLINE",
CITE = "orbitals3d",
TITLE = "",
}

%%##################################################
%% ONLINE    magnoxtemp
%%##################################################
@ONLINE{magnoxtemp,
TYPE = "ONLINE",
CITE = "magnoxtemp",
AUTHOR = "S. E. Jensen and E. Nonbol",
TITLE = "Description of the Magnox Type of Gas Cooled Reactor (MAGNOX)",
YEAR = "1998",
URL = "https://inis.iaea.org/collection/NCLCollectionStore/_Public/30/052/30052480.pdf",
}

%%##################################################
%% ONLINE    decay
%%##################################################
@ONLINE{decay,
TYPE = "ONLINE",
CITE = "decay",
AUTHOR = "A. A. Sonzogni",
TITLE = "Nuclear Data Services. www-nds.iaea.org",
YEAR = "2006",
URL = "http://www-nds.iaea.org/ndspub/download-endf/ENDF-B-VII.0/decay-index.htm",
}

%%##################################################
%% ONLINE    cyclotrons
%%##################################################
@ONLINE{cyclotrons,
TYPE = "ONLINE",
CITE = "cyclotrons",
AUTHOR = "IAEA Department of Nuclear Sciences and Applications",
TITLE = "Directory of Cyclotrons used for Radionuclide Production in Member States",
YEAR = "2006",
URL = "http://www-naweb.iaea.org/napc/iachem/cyclotrons/PDF/DCRP.pdf",
}

%%##################################################
%% ONLINE    bandgapshyperphysics
%%##################################################
@ONLINE{bandgapshyperphysics,
TYPE = "ONLINE",
CITE = "bandgapshyperphysics",
TITLE = "",
}

%%##################################################
%% ONLINE    nuclearsizehyperphysics
%%##################################################
@ONLINE{nuclearsizehyperphysics,
TYPE = "ONLINE",
CITE = "nuclearsizehyperphysics",
TITLE = "",
}

%%##################################################
%% ONLINE    coulombhyperphysics
%%##################################################
@ONLINE{coulombhyperphysics,
TYPE = "ONLINE",
CITE = "coulombhyperphysics",
TITLE = "",
}

%%##################################################
%% ONLINE    waterradiolysis
%%##################################################
@ONLINE{waterradiolysis,
TYPE = "ONLINE",
CITE = "waterradiolysis",
TITLE = "",
}

%%##################################################
%% ONLINE    corrosionmo
%%##################################################
@ONLINE{corrosionmo,
TYPE = "ONLINE",
CITE = "corrosionmo",
TITLE = "",
}

%%##################################################
%% ONLINE    nbsrhistory
%%##################################################
@ONLINE{nbsrhistory,
TYPE = "ONLINE",
CITE = "nbsrhistory",
TITLE = "",
}

%%##################################################
%% ONLINE    spallationsourceflux
%%##################################################
@ONLINE{spallationsourceflux,
TYPE = "ONLINE",
CITE = "spallationsourceflux",
AUTHOR = "M. N. H. Comsan",
TITLE = "Spallation Neutron Sources for Science and Technology",
YEAR = "2011",
URL = "https://inis.iaea.org/collection/NCLCollectionStore/_Public/43/099/43099436.pdf",
}

%%##################################################
%% ONLINE    isisneutronsource
%%##################################################
@ONLINE{isisneutronsource,
TYPE = "ONLINE",
CITE = "isisneutronsource",
TITLE = "",
}

%%##################################################
%% ONLINE    deathsfromenergysource
%%##################################################
@ONLINE{deathsfromenergysource,
TYPE = "ONLINE",
CITE = "deathsfromenergysource",
TITLE = "",
}

%%##################################################
%% ONLINE    periodictablena
%%##################################################
@ONLINE{periodictablena,
TYPE = "ONLINE",
CITE = "periodictablena",
TITLE = "",
}

%%##################################################
%% ONLINE    periodictableal
%%##################################################
@ONLINE{periodictableal,
TYPE = "ONLINE",
CITE = "periodictableal",
TITLE = "",
}

%%##################################################
%% ONLINE    radiationamounts
%%##################################################
@ONLINE{radiationamounts,
TYPE = "ONLINE",
CITE = "radiationamounts",
AUTHOR = "Ministry of Defence",
TITLE = "Radioactivity and Health",
YEAR = "2012",
URL = "https://assets.publishing.service.gov.uk/government/uploads/system/uploads/attachment\_data/file/34103/SDP\_FS4\_RadioactivityandHealthWEB.pdf",
}

%%##################################################
%% ONLINE    shengeamonline
%%##################################################
@ONLINE{shengeamonline,
TYPE = "ONLINE",
CITE = "shengeamonline",
TITLE = "",
}

%%##################################################
%% ONLINE    chargesloshing1
%%##################################################
@ONLINE{chargesloshing1,
TYPE = "ONLINE",
CITE = "chargesloshing1",
TITLE = "",
}

%%##################################################
%% ONLINE    geniiiimprovements
%%##################################################
@ONLINE{geniiiimprovements,
TYPE = "ONLINE",
CITE = "geniiiimprovements",
TITLE = "",
}

%%##################################################
%% ONLINE    massattenuation
%%##################################################
@ONLINE{massattenuation,
TYPE = "ONLINE",
CITE = "massattenuation",
TITLE = "",
}

%%##################################################
%% ONLINE    fermidiracdist
%%##################################################
@ONLINE{fermidiracdist,
TYPE = "ONLINE",
CITE = "fermidiracdist",
TITLE = "",
}

%%##################################################
%% ONLINE    energycutoff
%%##################################################
@ONLINE{energycutoff,
TYPE = "ONLINE",
CITE = "energycutoff",
TITLE = "",
}

%%##################################################
%% ONLINE    hohenbergkohnleeuwen
%%##################################################
@ONLINE{hohenbergkohnleeuwen,
TYPE = "ONLINE",
CITE = "hohenbergkohnleeuwen",
TITLE = "",
}

%%##################################################
%% ONLINE    gen4
%%##################################################
@ONLINE{gen4,
TYPE = "ONLINE",
CITE = "gen4",
AUTHOR = "H. Khartabil",
TITLE = "Gen-4 Reactors",
YEAR = "2013",
URL = "http://www.gen-4.org/GIF/About/documents/25-Session2-3-Khartabil.pdf",
}

%%##################################################
%% ONLINE    ocw01
%%##################################################
@ONLINE{ocw01,
TYPE = "ONLINE",
CITE = "ocw01",
AUTHOR = "MIT Open Courseware",
TITLE = "Engineering of Nuclear Systems - Lecture 6A",
YEAR = "2013",
URL = "http://ocw.mit.edu/courses/nuclear-engineering/22-06-engineering-of-nuclear-systems-fall-2010/lectures-and-readings/MIT22\_06F10\_lec06a.pdf",
}

%%##################################################
%% ONLINE    ocw02
%%##################################################
@ONLINE{ocw02,
TYPE = "ONLINE",
CITE = "ocw02",
AUTHOR = "MIT Open Courseware",
TITLE = "Engineering of Nuclear Systems - Lecture 6B",
YEAR = "2013",
URL = "http://ocw.mit.edu/courses/nuclear-engineering/22-06-engineering-of-nuclear-systems-fall-2010/lectures-and-readings/MIT22\_06F10\_lec06b.pdf",
}

%%##################################################
%% ONLINE    lenjonesparams001
%%##################################################
@ONLINE{lenjonesparams001,
TYPE = "ONLINE",
CITE = "lenjonesparams001",
AUTHOR = "Richards Centre at Yale University",
TITLE = "Van der Waals Potential Energy",
YEAR = "2013",
URL = "http://www.csb.yale.edu/userguides/datamanip/autodock/html/Using\_AutoDock\_305.a.html",
}

%%##################################################
%% ONLINE    gilgamesheos
%%##################################################
@ONLINE{gilgamesheos,
TYPE = "ONLINE",
CITE = "gilgamesheos",
AUTHOR = "gilgamesh",
TITLE = "Fitting Birch-Murnaghan",
YEAR = "2013",
URL = "http://gilgamesh.cheme.cmu.edu/doc/software/jacapo/appendices/appendix-eos.html",
}

%%##################################################
%% ONLINE    lanltour
%%##################################################
@ONLINE{lanltour,
TYPE = "ONLINE",
CITE = "lanltour",
AUTHOR = "Los Alamos National Laboratory",
TITLE = "Los Alamos National Laboratory Tour",
YEAR = "2013",
URL = "http://t2.lanl.gov/nis/tour/sch007.html",
}

%%##################################################
%% ONLINE    acklandec
%%##################################################
@ONLINE{acklandec,
TYPE = "ONLINE",
CITE = "acklandec",
TITLE = "",
}

%%##################################################
%% ONLINE    stainsbyrgfr
%%##################################################
@ONLINE{stainsbyrgfr,
TYPE = "ONLINE",
CITE = "stainsbyrgfr",
AUTHOR = "Stainsby and R",
TITLE = "Los Alamos National Laboratory Tour",
YEAR = "2013",
URL = "http://www.iaea.org/INPRO/cooperation/5th_GIF_Meeting/GFR_Stainsby.pdf",
}

%%##################################################
%% ONLINE    genivgif
%%##################################################
@ONLINE{genivgif,
TYPE = "ONLINE",
CITE = "genivgif",
AUTHOR = "GenIV International Forum",
TITLE = "Introduction to Generation IV Nuclear Energy Systems and the International Forum",
YEAR = "2013",
URL = "https://www.iea.org/topics/world-energy-outlook",
}

%%##################################################
%% ONLINE    lma001
%%##################################################
@ONLINE{lma001,
TYPE = "ONLINE",
CITE = "lma001",
AUTHOR = "Prof. A. Zisserman",
TITLE = "Optimization Lecture 2",
YEAR = "2014",
URL = "http://www.robots.ox.ac.uk/\~az/lectures/b1/lect2.pdf",
}

%%##################################################
%% ONLINE    hfiruserguide
%%##################################################
@ONLINE{hfiruserguide,
TYPE = "ONLINE",
CITE = "hfiruserguide",
AUTHOR = "ORNL",
TITLE = "High Flux Isotope Reactor (HFIR) USER GUIDE",
YEAR = "2015",
URL = "https://neutrons.ornl.gov/sites/default/files/High",
}

%%##################################################
%% ONLINE    wikivirialstress
%%##################################################
@ONLINE{wikivirialstress,
TYPE = "ONLINE",
CITE = "wikivirialstress",
AUTHOR = "Wikipedia",
TITLE = "Virial Stress",
YEAR = "2016",
URL = "https://en.wikipedia.org/wiki/Virial_stress",
}

%%##################################################
%% ONLINE    spallationsource
%%##################################################
@ONLINE{spallationsource,
TYPE = "ONLINE",
CITE = "spallationsource",
AUTHOR = "ORNL - E. B. Iverson",
TITLE = "Neutron Moderation",
YEAR = "2016",
URL = "https://conference.sns.gov/event/56/attachments/64/99/Lecture_2a_-_Neutron_Moderation_-_Erik_Iverson.pdf",
}

%%##################################################
%% ONLINE    researchreactorstats
%%##################################################
@ONLINE{researchreactorstats,
TYPE = "ONLINE",
CITE = "researchreactorstats",
AUTHOR = "World Nuclear",
TITLE = "",
YEAR = "2018",
URL = "http://www.world-nuclear.org/information-library/non-power-nuclear-applications/radioisotopes-research/research-reactors.aspx",
}

%%##################################################
%% ONLINE    neptunereactor
%%##################################################
@ONLINE{neptunereactor,
TYPE = "ONLINE",
CITE = "neptunereactor",
AUTHOR = "IAEA",
TITLE = "",
YEAR = "2018",
URL = "https://nucleus.iaea.org/RRDB/RR/ReactorSearch.aspx",
}

%%##################################################
%% ONLINE    hfirornl
%%##################################################
@ONLINE{hfirornl,
TYPE = "ONLINE",
CITE = "hfirornl",
AUTHOR = "ORNL",
TITLE = "",
YEAR = "2018",
URL = "https://neutrons.ornl.gov/hfir/parameters",
}

%%##################################################
%% ONLINE    hfirornluserguide
%%##################################################
@ONLINE{hfirornluserguide,
TYPE = "ONLINE",
CITE = "hfirornluserguide",
AUTHOR = "ORNL",
TITLE = "",
YEAR = "2018",
URL = "https://neutrons.ornl.gov/sites/default/files/High Flux Isotope Reactor User Guide 2.0.pdf",
}

%%##################################################
%% ONLINE    fecrschaeffler
%%##################################################
@ONLINE{fecrschaeffler,
TYPE = "ONLINE",
CITE = "fecrschaeffler",
AUTHOR = "BSSA",
TITLE = "BSSA",
YEAR = "2019",
URL = "https://www.bssa.org.uk/topics.php\?article",
}

%%##################################################
%% ONLINE    srimwebsite
%%##################################################
@ONLINE{srimwebsite,
TYPE = "ONLINE",
CITE = "srimwebsite",
TITLE = "",
}

%%##################################################
%% ONLINE    marlinwiretemp
%%##################################################
@ONLINE{marlinwiretemp,
TYPE = "ONLINE",
CITE = "marlinwiretemp",
AUTHOR = "Marlin Wire",
TITLE = "",
YEAR = "2019",
URL = "https://www.marlinwire.com/",
}

%%##################################################
%% ONLINE    sizewellbtemp
%%##################################################
@ONLINE{sizewellbtemp,
TYPE = "ONLINE",
CITE = "sizewellbtemp",
AUTHOR = "IAEA",
TITLE = "",
YEAR = "2019",
URL = "https://inis.iaea.org/collection/NCLCollectionStore/_Public/29/010/29010110.pdf",
}

%%##################################################
%% ONLINE    crystaleos
%%##################################################
@ONLINE{crystaleos,
TYPE = "ONLINE",
CITE = "crystaleos",
AUTHOR = "A. Mahmoud ad A. Erba",
TITLE = "Crystal: Equation of State",
YEAR = "2019",
URL = "http://tutorials.crystalsolutions.eu/tutorial.html?td",
}

%%##################################################
%% ONLINE    ppselloni
%%##################################################
@ONLINE{ppselloni,
TYPE = "ONLINE",
CITE = "ppselloni",
TITLE = "",
}

%%##################################################
%% ONLINE    abcdftsissa
%%##################################################
@ONLINE{abcdftsissa,
TYPE = "ONLINE",
CITE = "abcdftsissa",
AUTHOR = "SISSA",
TITLE = "",
YEAR = "2020",
URL = "https://people.sissa.it/~degironc/ES/lectures/ABCofDFT.pdf",
}

%%##################################################
%% ONLINE    exforlink
%%##################################################
@ONLINE{exforlink,
TYPE = "ONLINE",
CITE = "exforlink",
TITLE = "",
}

%%##################################################
%% ONLINE    differentsteels
%%##################################################
@ONLINE{differentsteels,
TYPE = "ONLINE",
CITE = "differentsteels",
TITLE = "",
}

%%##################################################
%% ONLINE    crystengcommzirlo
%%##################################################
@ONLINE{crystengcommzirlo,
TYPE = "ONLINE",
CITE = "crystengcommzirlo",
AUTHOR = "Philippe F Weck and Eunja Kim and Veena Tikare and John A Mitchell",
TITLE = "Mechanical properties of zirconium alloys and zirconium hydrides predicted from density functional perturbation theory",
YEAR = "2020",
URL = "https://www.osti.gov/pages/servlets/purl/1259850",
}

%%##################################################
%% ONLINE    carnottheorem
%%##################################################
@ONLINE{carnottheorem,
TYPE = "ONLINE",
CITE = "carnottheorem",
AUTHOR = "Wikipedia",
TITLE = "Carnots theorem (thermodynamics)",
YEAR = "2020",
URL = "https://en.wikipedia.org/wiki/Carnot",
}

%%##################################################
%% ONLINE    ccppwiki
%%##################################################
@ONLINE{ccppwiki,
TYPE = "ONLINE",
CITE = "ccppwiki",
AUTHOR = "Wikipedia",
TITLE = "Combined cycle power plant",
YEAR = "2020",
URL = "https://en.wikipedia.org/wiki/Combined_cycle_power_plant",
}

%%##################################################
%% ONLINE    genivgifvhtr
%%##################################################
@ONLINE{genivgifvhtr,
TYPE = "ONLINE",
CITE = "genivgifvhtr",
AUTHOR = "GenIV International Forum",
TITLE = "Very-High-Temperature Reactor (VHTR)",
YEAR = "2020",
URL = "https://www.gen-4.org/gif/jcms/c_9362/vhtr",
}

%%##################################################
%% ONLINE    genivgifgfr
%%##################################################
@ONLINE{genivgifgfr,
TYPE = "ONLINE",
CITE = "genivgifgfr",
AUTHOR = "GenIV International Forum",
TITLE = "Gas-Cooled Fast Reactor (GFR)",
YEAR = "2020",
URL = "https://www.gen-4.org/gif/jcms/c_9357/gfr",
}

%%##################################################
%% ONLINE    eprmat
%%##################################################
@ONLINE{eprmat,
TYPE = "ONLINE",
CITE = "eprmat",
TITLE = "",
}

%%##################################################
%% ONLINE    ap1000mat
%%##################################################
@ONLINE{ap1000mat,
TYPE = "ONLINE",
CITE = "ap1000mat",
TITLE = "",
}

%%##################################################
%% ONLINE    uraniumenrichment
%%##################################################
@ONLINE{uraniumenrichment,
TYPE = "ONLINE",
CITE = "uraniumenrichment",
AUTHOR = "World Nuclear",
TITLE = "Uranium Enrichment",
YEAR = "2020",
URL = "https://www.world-nuclear.org/information-library/nuclear-fuel-cycle/conversion-enrichment-and-fabrication/uranium-enrichment.aspx",
}

%%##################################################
%% ONLINE    fccbccreciprocal
%%##################################################
@ONLINE{fccbccreciprocal,
TYPE = "ONLINE",
CITE = "fccbccreciprocal",
TITLE = "",
}

%%##################################################
%% ONLINE    synchrotrons
%%##################################################
@ONLINE{synchrotrons,
TYPE = "ONLINE",
CITE = "synchrotrons",
AUTHOR = "Diamond",
TITLE = "About Synchrotrons",
YEAR = "2020",
URL = "https://www.diamond.ac.uk/Home/About/FAQs/About-Synchrotrons.html",
}

%%##################################################
%% ONLINE    webelementsni
%%##################################################
@ONLINE{webelementsni,
TYPE = "ONLINE",
CITE = "webelementsni",
AUTHOR = "webelements.com",
TITLE = "Webelements: Nickel",
YEAR = "2020",
URL = "https://www.webelements.com/nickel",
}

%%##################################################
%% ONLINE    webelementscr
%%##################################################
@ONLINE{webelementscr,
TYPE = "ONLINE",
CITE = "webelementscr",
AUTHOR = "webelements.com",
TITLE = "Webelements: Chromium",
YEAR = "2020",
URL = "https://www.webelements.com/chromium",
}

%%##################################################
%% ONLINE    webelementsfe
%%##################################################
@ONLINE{webelementsfe,
TYPE = "ONLINE",
CITE = "webelementsfe",
AUTHOR = "webelements.com",
TITLE = "Webelements: Iron",
YEAR = "2020",
URL = "https://www.webelements.com/iron",
}

%%##################################################
%% ONLINE    webelementsal
%%##################################################
@ONLINE{webelementsal,
TYPE = "ONLINE",
CITE = "webelementsal",
AUTHOR = "webelements.com",
TITLE = "Webelements: Aluminium",
YEAR = "2020",
URL = "https://www.webelements.com/aluminium",
}

%%##################################################
%% ONLINE    webelementspd
%%##################################################
@ONLINE{webelementspd,
TYPE = "ONLINE",
CITE = "webelementspd",
AUTHOR = "webelements.com",
TITLE = "Webelements: Palladium",
YEAR = "2020",
URL = "https://www.webelements.com/palladium",
}

%%##################################################
%% ONLINE    bandgap
%%##################################################
@ONLINE{bandgap,
TYPE = "ONLINE",
CITE = "bandgap",
AUTHOR = "Hyperphysics",
TITLE = "Energy Bands for Solids",
YEAR = "2020",
URL = "http://hyperphysics.phy-astr.gsu.edu/hbase/Solids/band.html",
}

%%##################################################
%% ONLINE    worldstainless
%%##################################################
@ONLINE{worldstainless,
TYPE = "ONLINE",
CITE = "worldstainless",
AUTHOR = "World Stainless",
TITLE = "Stainless Steel: Tables o Technical Properties",
YEAR = "2020",
URL = "https://www.worldstainless.org/Files/issf/non-image-files/PDF/Euro_Inox/Tables_TechnicalProperties_EN.pdf",
}

%%##################################################
%% ONLINE    rolledalloys
%%##################################################
@ONLINE{rolledalloys,
TYPE = "ONLINE",
CITE = "rolledalloys",
AUTHOR = "Rolled Alloys",
TITLE = "What is alloy sensitization?",
YEAR = "2020",
URL = "https://www.rolledalloys.com/dotAsset/50dc766c-08f5-43d9-bbda-5d9a9a2fa6d5.jpg",
}

%%##################################################
%% ONLINE    ferriticvsaustenitic
%%##################################################
@ONLINE{ferriticvsaustenitic,
TYPE = "ONLINE",
CITE = "ferriticvsaustenitic",
AUTHOR = "Internatoinal Molybdenum Association",
TITLE = "Metallurgy of Mo in stainless steel",
YEAR = "2020",
URL = "https://www.imoa.info/molybdenum-uses/molybdenum-grade-stainless-steels/metallurgy-of-molybdenum-in-stainless-steel.php",
}

%%##################################################
%% ONLINE    radisandvoid
%%##################################################
@ONLINE{radisandvoid,
TYPE = "ONLINE",
CITE = "radisandvoid",
TITLE = "",
}

%%##################################################
%% ONLINE    tendlfeco
%%##################################################
@ONLINE{tendlfeco,
TYPE = "ONLINE",
CITE = "tendlfeco",
AUTHOR = "NEA",
TITLE = "Janis Book",
YEAR = "2020",
URL = "https://tendl.web.psi.ch/tendl_2019/other/book-protons.pdf",
}

%%##################################################
%% ONLINE    ap1000dcd
%%##################################################
@ONLINE{ap1000dcd,
TYPE = "ONLINE",
CITE = "ap1000dcd",
TITLE = "",
}

%%##################################################
%% ONLINE    ssina
%%##################################################
@ONLINE{ssina,
TYPE = "ONLINE",
CITE = "ssina",
AUTHOR = "Speciality Steel Industry of North America",
TITLE = "Intergranular Corrosion",
YEAR = "2020",
URL = "https://www.ssina.com/education/corrosion/intergranular-corrosion/",
}

%%##################################################
%% ONLINE    ftnppcost
%%##################################################
@ONLINE{ftnppcost,
TYPE = "ONLINE",
CITE = "ftnppcost",
AUTHOR = "Financial Times",
TITLE = "Cost of new Sizewell C Nuclear Plant",
YEAR = "2020",
URL = "https://www.ft.com/content/77c209f7-6d18-4609-ac3c-77d1b5b82b34",
}

%%##################################################
%% ONLINE    grainsizesteel
%%##################################################
@ONLINE{grainsizesteel,
TYPE = "ONLINE",
CITE = "grainsizesteel",
TITLE = "",
}

%%##################################################
%% ONLINE    efgccgtcost
%%##################################################
@ONLINE{efgccgtcost,
TYPE = "ONLINE",
CITE = "efgccgtcost",
AUTHOR = "Energy for Generations",
TITLE = "ESB opens €820m Carrington Power Station in Manchester",
YEAR = "2020",
URL = "https://www.esb.ie/tns/press-centre/2017/2017/03/13/esb-opens-820m-carrington-power-station-in-manchester",
}

%%##################################################
%% ONLINE    qeforum
%%##################################################
@ONLINE{qeforum,
TYPE = "ONLINE",
CITE = "qeforum",
TITLE = "",
}

%%##################################################
%% ONLINE    materialssquaresingleatom
%%##################################################
@ONLINE{materialssquaresingleatom,
TYPE = "ONLINE",
CITE = "materialssquaresingleatom",
TITLE = "",
}

%%##################################################
%% ONLINE    morseparams001
%%##################################################
@ONLINE{morseparams001,
TYPE = "ONLINE",
CITE = "morseparams001",
AUTHOR = "L. A. Girifalco and V. G. Weizer",
TITLE = "Application of the Morse potential function to cubic metals",
JOURNAL = "Physics Review",
YEAR = "1959",
VOLUME = "114",
ISSUE = "",
PAGES = "687",
}

%%##################################################
%% ARTICLE    nadiffusion
%%##################################################
@ARTICLE{nadiffusion,
TYPE = "ARTICLE",
CITE = "nadiffusion",
AUTHOR = "A. E. Rezaee and M. Almasi-Kashi",
TITLE = "The influence of point defects on Na diffusion in black phosphorene - first principles study",
JOURNAL = "Journal Pre-proof",
YEAR = "",
VOLUME = "",
ISSUE = "",
PAGES = "",
}

%%##################################################
%% ARTICLE    feshbach
%%##################################################
@ARTICLE{feshbach,
TYPE = "ARTICLE",
CITE = "feshbach",
TITLE = "",
}

%%##################################################
%% ARTICLE    hodgson1
%%##################################################
@ARTICLE{hodgson1,
TYPE = "ARTICLE",
CITE = "hodgson1",
TITLE = "",
}

%%##################################################
%% ARTICLE    ironsurfaceenergy
%%##################################################
@ARTICLE{ironsurfaceenergy,
TYPE = "ARTICLE",
CITE = "ironsurfaceenergy",
TITLE = "",
}

%%##################################################
%% ARTICLE    pdsurfaceenergy
%%##################################################
@ARTICLE{pdsurfaceenergy,
TYPE = "ARTICLE",
CITE = "pdsurfaceenergy",
TITLE = "",
}

%%##################################################
%% ARTICLE    exforarticle
%%##################################################
@ARTICLE{exforarticle,
TYPE = "ARTICLE",
CITE = "exforarticle",
TITLE = "",
}

%%##################################################
%% ARTICLE    exfortanaka
%%##################################################
@ARTICLE{exfortanaka,
TYPE = "ARTICLE",
CITE = "exfortanaka",
TITLE = "",
}

%%##################################################
%% ARTICLE    exforwing
%%##################################################
@ARTICLE{exforwing,
TYPE = "ARTICLE",
CITE = "exforwing",
TITLE = "",
}

%%##################################################
%% ARTICLE    exforgadioli
%%##################################################
@ARTICLE{exforgadioli,
TYPE = "ARTICLE",
CITE = "exforgadioli",
TITLE = "",
}

%%##################################################
%% ARTICLE    stoppingdistance
%%##################################################
@ARTICLE{stoppingdistance,
TYPE = "ARTICLE",
CITE = "stoppingdistance",
TITLE = "",
}

%%##################################################
%% ARTICLE    bateman
%%##################################################
@ARTICLE{bateman,
TYPE = "ARTICLE",
CITE = "bateman",
AUTHOR = "H. Bateman",
TITLE = "The solution of a system of differential equations occurring in the theory of radioactive transformations",
JOURNAL = "Proc. Camb. Phil. Soc.",
YEAR = "1910",
VOLUME = "15",
ISSUE = "",
PAGES = "423",
}

%%##################################################
%% ARTICLE    murnaghaneq
%%##################################################
@ARTICLE{murnaghaneq,
TYPE = "ARTICLE",
CITE = "murnaghaneq",
AUTHOR = "F. D. Murnaghan",
TITLE = "The Compressibility of Media Under Extreme Pressures",
JOURNAL = "",
YEAR = "1944",
VOLUME = "",
ISSUE = "",
PAGES = "",
}

%%##################################################
%% ARTICLE    birchmurnaghaneq
%%##################################################
@ARTICLE{birchmurnaghaneq,
TYPE = "ARTICLE",
CITE = "birchmurnaghaneq",
AUTHOR = "F. Birch",
TITLE = "Finite elastic strain of cubic crystals",
JOURNAL = "",
YEAR = "1947",
VOLUME = "",
ISSUE = "",
PAGES = "",
}

%%##################################################
%% ARTICLE    fecrnisystem
%%##################################################
@ARTICLE{fecrnisystem,
TYPE = "ARTICLE",
CITE = "fecrnisystem",
TITLE = "",
}

%%##################################################
%% ARTICLE    morseparams001
%%##################################################
@ARTICLE{morseparams001,
TYPE = "ARTICLE",
CITE = "morseparams001",
AUTHOR = "L. A. Girifalco and  V. G. Weizer",
TITLE = "Application of the Morse potential function to cubic metals",
JOURNAL = "Physics Review",
YEAR = "1959",
VOLUME = "114",
ISSUE = "",
PAGES = "687",
}

%%##################################################
%% ARTICLE    hohenbergkohn
%%##################################################
@ARTICLE{hohenbergkohn,
TYPE = "ARTICLE",
CITE = "hohenbergkohn",
TITLE = "",
}

%%##################################################
%% ARTICLE    kohnsham
%%##################################################
@ARTICLE{kohnsham,
TYPE = "ARTICLE",
CITE = "kohnsham",
AUTHOR = "W. Kohn and L. J. Sham",
TITLE = "Self-Consistent Equations Including Exchange and Correlation Effects",
JOURNAL = "Physical Review",
YEAR = "1965",
VOLUME = "140",
ISSUE = "",
PAGES = "",
}

%%##################################################
%% ARTICLE    stehfest
%%##################################################
@ARTICLE{stehfest,
TYPE = "ARTICLE",
CITE = "stehfest",
AUTHOR = "H. Stehfest",
TITLE = "Algorithm 368 Numerical Inversion of Laplace Transform",
JOURNAL = "Communications of the ACM",
YEAR = "1970",
VOLUME = "13",
ISSUE = "",
PAGES = "47--49",
}

%%##################################################
%% ARTICLE    elasticmeltingtemp
%%##################################################
@ARTICLE{elasticmeltingtemp,
TYPE = "ARTICLE",
CITE = "elasticmeltingtemp",
AUTHOR = "M. E. Fine and L. D. Brown and H. L. Marcus",
TITLE = "Elastic Constants Versus Melting Temperature in Metals",
JOURNAL = "Scripta Metallurgica",
YEAR = "1984",
VOLUME = "18",
ISSUE = "",
PAGES = "951-956",
}

%%##################################################
%% ARTICLE    dawbaskeseam
%%##################################################
@ARTICLE{dawbaskeseam,
TYPE = "ARTICLE",
CITE = "dawbaskeseam",
AUTHOR = "Murray S. Daw and M. I. Baskes",
TITLE = "Embedded-atom method: Derivation and application to impurities, surfaces and other defects in metals",
JOURNAL = "Physical Review B",
YEAR = "1983",
VOLUME = "29",
ISSUE = "12",
PAGES = "",
}

%%##################################################
%% ARTICLE    kirchheimpassive
%%##################################################
@ARTICLE{kirchheimpassive,
TYPE = "ARTICLE",
CITE = "kirchheimpassive",
AUTHOR = "R. Kirchheim and B. Heine and H. Fischmeister and S. Hoffmann and H. Knote and U. Stolz",
TITLE = "The Passivity of Iron-Chromium Alloys",
JOURNAL = "Corrosion Science",
YEAR = "1989",
VOLUME = "29",
ISSUE = "7",
PAGES = "899-917",
}

%%##################################################
%% ARTICLE    kirchheimcc
%%##################################################
@ARTICLE{kirchheimcc,
TYPE = "ARTICLE",
CITE = "kirchheimcc",
AUTHOR = "R. Kirchheim and B. Heine and S. Hoffmann and H. Hofsass",
TITLE = "Compositional Changes of Passive Films Due To Different Transport Rates and Preferential Dissolution",
JOURNAL = "Corrosion Science",
YEAR = "1990",
VOLUME = "31",
ISSUE = "",
PAGES = "573-578",
}

%%##################################################
%% ARTICLE    pressuredepmehl
%%##################################################
@ARTICLE{pressuredepmehl,
TYPE = "ARTICLE",
CITE = "pressuredepmehl",
AUTHOR = "Michael J. Mehl",
TITLE = "Pressure depenence of the elastic moduli in aluminium-rich Al-Li compounds",
JOURNAL = "Physical Review B",
YEAR = "1993",
VOLUME = "47",
ISSUE = "5",
PAGES = "2493-2500",
}

%%##################################################
%% ARTICLE    forcematchingmethod
%%##################################################
@ARTICLE{forcematchingmethod,
TYPE = "ARTICLE",
CITE = "forcematchingmethod",
AUTHOR = "F. Ercolessi and J. B. Adams",
TITLE = "Interatomic Potentials from First-Principles Calculations: the Force-Matching Method",
JOURNAL = "Europhys. Lett.",
YEAR = "1994",
VOLUME = "26",
ISSUE = "8",
PAGES = "583-588",
}

%%##################################################
%% ARTICLE    shengeam
%%##################################################
@ARTICLE{shengeam,
TYPE = "ARTICLE",
CITE = "shengeam",
AUTHOR = "H. W. Sheng and M. J. Kramer and A. Cadien and T. Fujita and M. W. Chen",
TITLE = "Highly Optimized Embedded-Atom-Method Potentials for Fourteen FCC Metals",
JOURNAL = "Europhys. Lett.",
YEAR = "1994",
VOLUME = "26",
ISSUE = "8",
PAGES = "583-588",
}

%%##################################################
%% ARTICLE    dfttisiravindran
%%##################################################
@ARTICLE{dfttisiravindran,
TYPE = "ARTICLE",
CITE = "dfttisiravindran",
AUTHOR = "P. Ravindran and Lars Fast and P. A. Korzhavyi and B. Johansson",
TITLE = "Density functional theory for calculation of elastic properties of orthorhombic crystals - applications to TiSi2",
JOURNAL = "Journal of Applied Physics",
YEAR = "1998",
VOLUME = "84",
ISSUE = "9",
PAGES = "4891-4904",
}

%%##################################################
%% ARTICLE    semiempiricalpots
%%##################################################
@ARTICLE{semiempiricalpots,
TYPE = "ARTICLE",
CITE = "semiempiricalpots",
AUTHOR = "Byeong-Joo Lee and Jae-Hyeok Shim and M. I. Baskes",
TITLE = "Semiempirical atomic potentials for the fcc metals Cu, Ag, Au, Ni, Pd, Pt, Al, and Pb based on first and second nearest-neighbor modified embedded atom method",
JOURNAL = "Physical Review B",
YEAR = "2003",
VOLUME = "68",
ISSUE = "",
PAGES = "",
}

%%##################################################
%% ARTICLE    femendelev
%%##################################################
@ARTICLE{femendelev,
TYPE = "ARTICLE",
CITE = "femendelev",
AUTHOR = "M. I. Mendelev and S. Han and D. J. Srolovitz and G. J. Ackland and D. Y. Sun and M. Asta",
TITLE = "Development of new interatomic potentials appropriate for crystalline and liquid iron",
JOURNAL = "Philosophical Magazine",
YEAR = "2003",
VOLUME = "83",
ISSUE = "",
PAGES = "3977-3994",
}

%%##################################################
%% ARTICLE    finnissinclair
%%##################################################
@ARTICLE{finnissinclair,
TYPE = "ARTICLE",
CITE = "finnissinclair",
TITLE = "",
}

%%##################################################
%% ARTICLE    feacklandmendelev
%%##################################################
@ARTICLE{feacklandmendelev,
TYPE = "ARTICLE",
CITE = "feacklandmendelev",
TITLE = "",
}

%%##################################################
%% ARTICLE    twobandackland
%%##################################################
@ARTICLE{twobandackland,
TYPE = "ARTICLE",
CITE = "twobandackland",
AUTHOR = "Graeme J. Ackland",
TITLE = "Two-band second moment model for transition metals and alloys",
JOURNAL = "Condensed Materials",
YEAR = "2005",
VOLUME = "",
ISSUE = "",
PAGES = "",
}

%%##################################################
%% ARTICLE    olssonfecr
%%##################################################
@ARTICLE{olssonfecr,
TYPE = "ARTICLE",
CITE = "olssonfecr",
AUTHOR = "P. Olsson and J. Wallenius and C. Domain and K. Nordlund and L. Malerba",
TITLE = "Two-band modelling of alpha prime phase formation in Fe-Cr",
JOURNAL = "Physical Review B",
YEAR = "2005",
VOLUME = "72",
ISSUE = "",
PAGES = "",
}

%%##################################################
%% ARTICLE    nickeldiffusion
%%##################################################
@ARTICLE{nickeldiffusion,
TYPE = "ARTICLE",
CITE = "nickeldiffusion",
AUTHOR = "M. Krcmar and C.L. Fu and A. Janotti and R.C. Reed",
TITLE = "Diffusion rates of 3d transition metal solutes in nickel by first-principles calculations",
JOURNAL = "Acta Materialia",
YEAR = "2005",
VOLUME = "53",
ISSUE = "",
PAGES = "2369-2376",
}

%%##################################################
%% ARTICLE    endfvii
%%##################################################
@ARTICLE{endfvii,
TYPE = "ARTICLE",
CITE = "endfvii",
AUTHOR = "M. B. Chadwick and M. Herman",
TITLE = "ENDF B-VII.0 - Next generation evaluated nuclear data library for nuclear science and technology.",
JOURNAL = "Nucl. Data Sheets",
YEAR = "2006",
VOLUME = "107",
ISSUE = "",
PAGES = "2931",
}

%%##################################################
%% ARTICLE    talys1
%%##################################################
@ARTICLE{talys1,
TYPE = "ARTICLE",
CITE = "talys1",
AUTHOR = "A. J. Koning and S. Hilaire and M. C. Duijvestijn",
TITLE = "TALYS-1.0.",
JOURNAL = "Proceedings of the International Conference on Nuclear Data for Science and Technology",
YEAR = "2007",
VOLUME = "",
ISSUE = "",
PAGES = "211--214",
}

%%##################################################
%% ARTICLE    matplotlib
%%##################################################
@ARTICLE{matplotlib,
TYPE = "ARTICLE",
CITE = "matplotlib",
AUTHOR = "J. D. Hunter",
TITLE = "Matplotlib - A 2D graphics environment",
JOURNAL = "Computing In Science \& Engineering",
YEAR = "2007",
VOLUME = "9",
ISSUE = "",
PAGES = "90-95",
}

%%##################################################
%% ARTICLE    risfecrni
%%##################################################
@ARTICLE{risfecrni,
TYPE = "ARTICLE",
CITE = "risfecrni",
TITLE = "",
}

%%##################################################
%% ARTICLE    risokamoto
%%##################################################
@ARTICLE{risokamoto,
TYPE = "ARTICLE",
CITE = "risokamoto",
TITLE = "",
}

%%##################################################
%% ARTICLE    fenicrternaryphase
%%##################################################
@ARTICLE{fenicrternaryphase,
TYPE = "ARTICLE",
CITE = "fenicrternaryphase",
AUTHOR = "Jian-wei Su and  Dong-ping Huang",
TITLE = "Phase equilibria of the Fe–Cr–Ni ternary systems and interfacialreactions in Fe–Cr alloys with Ni substrate",
JOURNAL = "Journal of Alloys and Compounds",
YEAR = "2008",
VOLUME = "457",
ISSUE = "",
PAGES = "270-278",
}

%%##################################################
%% ARTICLE    twobandacklandreed
%%##################################################
@ARTICLE{twobandacklandreed,
TYPE = "ARTICLE",
CITE = "twobandacklandreed",
AUTHOR = "Graeme J. Ackland and Stewart K. Reed",
TITLE = "Two-band second moment model and an interatomic potential for caesium",
JOURNAL = "Condensed Materials",
YEAR = "2008",
VOLUME = "",
ISSUE = "",
PAGES = "",
}

%%##################################################
%% ARTICLE    damagebcciron
%%##################################################
@ARTICLE{damagebcciron,
TYPE = "ARTICLE",
CITE = "damagebcciron",
AUTHOR = "Andrew F. Calder and David J. Bacon and Alexander V. Barashev and Yuri N. Osetsky",
TITLE = "Computer simulation of cascade damage in a-iron with carbon in solution",
JOURNAL = "Journal of Nuclear Materials",
YEAR = "2008",
VOLUME = "",
ISSUE = "382",
PAGES = "91-95",
}

%%##################################################
%% ARTICLE    pkamoldy
%%##################################################
@ARTICLE{pkamoldy,
TYPE = "ARTICLE",
CITE = "pkamoldy",
TITLE = "",
}

%%##################################################
%% ARTICLE    moxlammpsdamage
%%##################################################
@ARTICLE{moxlammpsdamage,
TYPE = "ARTICLE",
CITE = "moxlammpsdamage",
TITLE = "",
}

%%##################################################
%% ARTICLE    dlpolyradiationdamage
%%##################################################
@ARTICLE{dlpolyradiationdamage,
TYPE = "ARTICLE",
CITE = "dlpolyradiationdamage",
TITLE = "",
}

%%##################################################
%% ARTICLE    pusputtering
%%##################################################
@ARTICLE{pusputtering,
TYPE = "ARTICLE",
CITE = "pusputtering",
TITLE = "",
}

%%##################################################
%% ARTICLE    pkaenergyspectra
%%##################################################
@ARTICLE{pkaenergyspectra,
TYPE = "ARTICLE",
CITE = "pkaenergyspectra",
TITLE = "",
}

%%##################################################
%% ARTICLE    marzarivanderbilt
%%##################################################
@ARTICLE{marzarivanderbilt,
TYPE = "ARTICLE",
CITE = "marzarivanderbilt",
AUTHOR = "N. Marzari and D. Vanderbilt and A. De Vita and M. C. Payne",
TITLE = "Thermal Contraction and Disordering of the Al(110) Surface Nicola",
JOURNAL = "Condensed Matter",
YEAR = "2008",
VOLUME = "",
ISSUE = "110",
PAGES = "4-7",
}

%%##################################################
%% ARTICLE    lightwaterallenbusby
%%##################################################
@ARTICLE{lightwaterallenbusby,
TYPE = "ARTICLE",
CITE = "lightwaterallenbusby",
AUTHOR = "T.R. Allen and J.T. Busby",
TITLE = "Radiation damage concerns for extended light water Reactor service",
JOURNAL = "Journal of Materials",
YEAR = "2009",
VOLUME = "61",
ISSUE = "",
PAGES = "29-34",
}

%%##################################################
%% ARTICLE    swellingris
%%##################################################
@ARTICLE{swellingris,
TYPE = "ARTICLE",
CITE = "swellingris",
TITLE = "",
}

%%##################################################
%% ARTICLE    molamere
%%##################################################
@ARTICLE{molamere,
TYPE = "ARTICLE",
CITE = "molamere",
TITLE = "",
}

%%##################################################
%% ARTICLE    moflynn
%%##################################################
@ARTICLE{moflynn,
TYPE = "ARTICLE",
CITE = "moflynn",
TITLE = "",
}

%%##################################################
%% ARTICLE    mohogan
%%##################################################
@ARTICLE{mohogan,
TYPE = "ARTICLE",
CITE = "mohogan",
TITLE = "",
}

%%##################################################
%% ARTICLE    molevkovski
%%##################################################
@ARTICLE{molevkovski,
TYPE = "ARTICLE",
CITE = "molevkovski",
TITLE = "",
}

%%##################################################
%% ARTICLE    damagebcctungsten
%%##################################################
@ARTICLE{damagebcctungsten,
TYPE = "ARTICLE",
CITE = "damagebcctungsten",
AUTHOR = "J. Fikar and R. Schäublin Ecole",
TITLE = "Molecular dynamics simulation of radiation damage in bcc tungsten",
JOURNAL = "Journal of Nuclear Materials",
YEAR = "2009",
VOLUME = "",
ISSUE = "101",
PAGES = "97-101",
}

%%##################################################
%% ARTICLE    srim
%%##################################################
@ARTICLE{srim,
TYPE = "ARTICLE",
CITE = "srim",
AUTHOR = "James F. Ziegler and M. D. Ziegler and J. P. Biersack",
TITLE = "SRIM - The stopping and range of ions in matter",
JOURNAL = "Nuclear Instruments and Methods in Physics Research Section B",
YEAR = "2010",
VOLUME = "268",
ISSUE = "",
PAGES = "1818--1823",
}

%%##################################################
%% ARTICLE    scrstainless
%%##################################################
@ARTICLE{scrstainless,
TYPE = "ARTICLE",
CITE = "scrstainless",
AUTHOR = "D. W. Saxey and B. J. Connolly and C. Cooper and Y. Huang and C. R. M. Grovenor and G. D. W. Smith and K. Govender and S. B. Lyon and A. H. Sherry and A. R. Fones and A. D. Pratt",
TITLE = "Understanding Stress Corrosion Resistant Stainless Steels at the Atomic Scale",
JOURNAL = "",
YEAR = "2010",
VOLUME = "",
ISSUE = "",
PAGES = "",
}

%%##################################################
%% ARTICLE    elsy01
%%##################################################
@ARTICLE{elsy01,
TYPE = "ARTICLE",
CITE = "elsy01",
AUTHOR = "A. Alemberti and J. Carlsson and E. Malambu and A. Orden and D. Struwe and P. Agostini and S. Monti",
TITLE = "European lead fast reactor - ELSY",
JOURNAL = "Nuclear Engineering and Design",
YEAR = "2011",
VOLUME = "241",
ISSUE = "",
PAGES = "3470--3480",
}

%%##################################################
%% ARTICLE    bccfenimodel
%%##################################################
@ARTICLE{bccfenimodel,
TYPE = "ARTICLE",
CITE = "bccfenimodel",
TITLE = "",
}

%%##################################################
%% ARTICLE    talys
%%##################################################
@ARTICLE{talys,
TYPE = "ARTICLE",
CITE = "talys",
AUTHOR = "D. Rochman and A. J. Koning",
TITLE = "Modern Nuclear Data Evaluation With The TALYS Code System",
JOURNAL = "Nuclear Data Sheets",
YEAR = "2012",
VOLUME = "113",
ISSUE = "",
PAGES = "",
}

%%##################################################
%% ARTICLE    tungstenfikarschaublin
%%##################################################
@ARTICLE{tungstenfikarschaublin,
TYPE = "ARTICLE",
CITE = "tungstenfikarschaublin",
TITLE = "",
}

%%##################################################
%% ARTICLE    stollerdamage1996
%%##################################################
@ARTICLE{stollerdamage1996,
TYPE = "ARTICLE",
CITE = "stollerdamage1996",
TITLE = "",
}

%%##################################################
%% ARTICLE    jfannett1996
%%##################################################
@ARTICLE{jfannett1996,
TYPE = "ARTICLE",
CITE = "jfannett1996",
TITLE = "",
}

%%##################################################
%% ARTICLE    moprotection
%%##################################################
@ARTICLE{moprotection,
TYPE = "ARTICLE",
CITE = "moprotection",
TITLE = "",
}

%%##################################################
%% ARTICLE    methfesslpaxton
%%##################################################
@ARTICLE{methfesslpaxton,
TYPE = "ARTICLE",
CITE = "methfesslpaxton",
TITLE = "",
}

%%##################################################
%% ARTICLE    pbrommer
%%##################################################
@ARTICLE{pbrommer,
TYPE = "ARTICLE",
CITE = "pbrommer",
TITLE = "",
}

%%##################################################
%% ARTICLE    hydrogenhtr
%%##################################################
@ARTICLE{hydrogenhtr,
TYPE = "ARTICLE",
CITE = "hydrogenhtr",
AUTHOR = "Sangeeta Deokattey and K. Bhanumurthy and P. K. Vijayan and I. V. Dulera",
TITLE = "Hydrogen production using high temperature reactors: an overview",
JOURNAL = "Advances in Energy Research",
YEAR = "2013",
VOLUME = "1",
ISSUE = "1",
PAGES = "013-033",
}

%%##################################################
%% ARTICLE    chargesloshing2
%%##################################################
@ARTICLE{chargesloshing2,
TYPE = "ARTICLE",
CITE = "chargesloshing2",
TITLE = "",
}

%%##################################################
%% ARTICLE    localtfraczkowski
%%##################################################
@ARTICLE{localtfraczkowski,
TYPE = "ARTICLE",
CITE = "localtfraczkowski",
TITLE = "",
}

%%##################################################
%% ARTICLE    thomasfermijohnson
%%##################################################
@ARTICLE{thomasfermijohnson,
TYPE = "ARTICLE",
CITE = "thomasfermijohnson",
TITLE = "",
}

%%##################################################
%% ARTICLE    janis4
%%##################################################
@ARTICLE{janis4,
TYPE = "ARTICLE",
CITE = "janis4",
AUTHOR = "N. Soppera and M. Bossant and E. Dupont",
TITLE = "JANIS 4 - An Improved Version of the NEA Java-based Nuclear Data Information System",
JOURNAL = "Nuclear Data Sheets",
YEAR = "2014",
VOLUME = "120",
ISSUE = "",
PAGES = "294--296",
}

%%##################################################
%% ARTICLE    jamal2014
%%##################################################
@ARTICLE{jamal2014,
TYPE = "ARTICLE",
CITE = "jamal2014",
AUTHOR = "M Jamal and Jalali Asadabadi and Iftikhar Ahmad and Rahnamaye Aliabad",
TITLE = "Elastic constants of cubic crystals",
JOURNAL = "Computational Materials Science",
YEAR = "2014",
PAGES = "592-599",
}

%%##################################################
%% ARTICLE    bzsampling
%%##################################################
@ARTICLE{bzsampling,
TYPE = "ARTICLE",
CITE = "bzsampling",
TITLE = "",
}

%%##################################################
%% ARTICLE    ghoshstability
%%##################################################
@ARTICLE{ghoshstability,
TYPE = "ARTICLE",
CITE = "ghoshstability",
TITLE = "",
}

%%##################################################
%% ARTICLE    cuandpd
%%##################################################
@ARTICLE{cuandpd,
TYPE = "ARTICLE",
CITE = "cuandpd",
AUTHOR = "A. Choudhary and L. Malakkal and R. K. Siripurapu",
TITLE = "First principles calculations of hydrogen storage on Cu and Pd-decorated graphene",
JOURNAL = "International Journal of Hydrogen Energy",
YEAR = "2016",
VOLUME = "41",
ISSUE = "",
PAGES = "17652-17656",
}

%%##################################################
%% ARTICLE    marwickris
%%##################################################
@ARTICLE{marwickris,
TYPE = "ARTICLE",
CITE = "marwickris",
TITLE = "",
}

%%##################################################
%% ARTICLE    johnstonris
%%##################################################
@ARTICLE{johnstonris,
TYPE = "ARTICLE",
CITE = "johnstonris",
TITLE = "",
}

%%##################################################
%% ARTICLE    scbiandybi
%%##################################################
@ARTICLE{scbiandybi,
TYPE = "ARTICLE",
CITE = "scbiandybi",
AUTHOR = "N. Acharya and S. P. Sanyal",
TITLE = "Structural phase transition, electronic and superconducting properties of ScBi and YBi",
JOURNAL = "Solid State Communications",
YEAR = "2017",
VOLUME = "266",
ISSUE = "",
PAGES = "39-45",
}

%%##################################################
%% ARTICLE    echeusleralloy
%%##################################################
@ARTICLE{echeusleralloy,
TYPE = "ARTICLE",
CITE = "echeusleralloy",
AUTHOR = "O. E. Osafile and P. O. Adebambo and G. A. Adebayo",
TITLE = "Elastic constants and observed ferromagnetism in inverse Heusler alloy Ti2CoAs using kjpaw pseudopotentials - A first-principles approach",
JOURNAL = "Journal of Alloys and Compounds",
YEAR = "2017",
VOLUME = "722",
ISSUE = "",
PAGES = "207-211",
}

%%##################################################
%% ARTICLE    fulijohanssonzhao
%%##################################################
@ARTICLE{fulijohanssonzhao,
TYPE = "ARTICLE",
CITE = "fulijohanssonzhao",
AUTHOR = "J. Fu and X. Li and B. Johansson and J. Zhao",
TITLE = "Improved Finnis-Sinclair potential for vanadium-rich V-Ti-Cr ternary alloys",
JOURNAL = "Journal of Alloys and Compounds",
YEAR = "2017",
VOLUME = "705",
ISSUE = "",
PAGES = "369-375",
}

%%##################################################
%% ARTICLE    proptial
%%##################################################
@ARTICLE{proptial,
TYPE = "ARTICLE",
CITE = "proptial",
AUTHOR = "Y. Wen and L. Wang and H. Liu and L. Song",
TITLE = "Ab Initio Study of the Elastic and Mechanical Properties of B19 TiAl",
JOURNAL = "Crystals",
YEAR = "2017",
VOLUME = "7",
ISSUE = "39",
PAGES = "1-11",
}

%%##################################################
%% ARTICLE    quantumespresso
%%##################################################
@ARTICLE{quantumespresso,
TYPE = "ARTICLE",
CITE = "quantumespresso",
TITLE = "",
}

%%##################################################
%% ARTICLE    tungstenmd
%%##################################################
@ARTICLE{tungstenmd,
TYPE = "ARTICLE",
CITE = "tungstenmd",
AUTHOR = "Min Li and Qing Hou and Jiechao Cui and Baoqin Fu",
TITLE = "Molecular dynamics simulations of tungsten bombardments on tungsten",
JOURNAL = "Nuclear Inst. and Methods in Physics Research B",
YEAR = "2018",
VOLUME = "",
ISSUE = "",
PAGES = "In Press",
}

%%##################################################
%% ARTICLE    corrosionalloysmfs
%%##################################################
@ARTICLE{corrosionalloysmfs,
TYPE = "ARTICLE",
CITE = "corrosionalloysmfs",
AUTHOR = "G. Zheng and K. Sridharan",
TITLE = "Corrosion of Structural Alloys in High-Temperature Molten Fluoride Salts for Applications in Molten Salt Reactors",
JOURNAL = "Journal of Materials",
YEAR = "2018",
VOLUME = "70",
ISSUE = "8",
PAGES = "1535-1541",
}

%%##################################################
%% ARTICLE    buckpot
%%##################################################
@ARTICLE{buckpot,
TYPE = "ARTICLE",
CITE = "buckpot",
AUTHOR = "Christopher M. Mauney and Davide Lazzati",
TITLE = "The formation of astrophysical Mg-rich silicate dust",
JOURNAL = "Molecular Astrophysics",
YEAR = "2018",
VOLUME = "12",
ISSUE = "March",
PAGES = "1-9",
}

%%##################################################
%% ARTICLE    bonnyfecr
%%##################################################
@ARTICLE{bonnyfecr,
TYPE = "ARTICLE",
CITE = "bonnyfecr",
TITLE = "",
}

%%##################################################
%% ARTICLE    agrigscc
%%##################################################
@ARTICLE{agrigscc,
TYPE = "ARTICLE",
CITE = "agrigscc",
AUTHOR = "Guy O.H. Whillock and Brian J. Hands 1 and Tom P. Majchrowski 2 and David I. Hambley",
TITLE = "Investigation of thermally sensitised stainless steels as analogues for spent AGR fuel cladding to test a corrosion inhibitor for intergranular stress corrosion cracking",
JOURNAL = "Journal of Nuclear Materials journal",
YEAR = "2018",
VOLUME = "",
ISSUE = "498",
PAGES = "187-198",
}

%%##################################################
%% ARTICLE    perdewsimplemetals
%%##################################################
@ARTICLE{perdewsimplemetals,
TYPE = "ARTICLE",
CITE = "perdewsimplemetals",
TITLE = "",
}

%%##################################################
%% ARTICLE    ldaggaperdew
%%##################################################
@ARTICLE{ldaggaperdew,
TYPE = "ARTICLE",
CITE = "ldaggaperdew",
TITLE = "",
}

%%##################################################
%% ARTICLE    perdewggamadesimple
%%##################################################
@ARTICLE{perdewggamadesimple,
TYPE = "ARTICLE",
CITE = "perdewggamadesimple",
TITLE = "",
}

%%##################################################
%% ARTICLE    perdewggabackwardforward
%%##################################################
@ARTICLE{perdewggabackwardforward,
TYPE = "ARTICLE",
CITE = "perdewggabackwardforward",
TITLE = "",
}

%%##################################################
%% ARTICLE    perdewwang
%%##################################################
@ARTICLE{perdewwang,
TYPE = "ARTICLE",
CITE = "perdewwang",
TITLE = "",
}

%%##################################################
%% ARTICLE    laalo3gga
%%##################################################
@ARTICLE{laalo3gga,
TYPE = "ARTICLE",
CITE = "laalo3gga",
TITLE = "",
}

%%##################################################
%% ARTICLE    elasticprofecr
%%##################################################
@ARTICLE{elasticprofecr,
TYPE = "ARTICLE",
CITE = "elasticprofecr",
AUTHOR = "Yuchen Dou and Hong Luo and Jing Zhang",
TITLE = "Elastic Properties of FeCr20 Ni8Xn (X",
JOURNAL = "Metals",
YEAR = "2019",
VOLUME = "9",
ISSUE = "145",
PAGES = "",
}

%%##################################################
%% ARTICLE    iascckenikjonesbell
%%##################################################
@ARTICLE{iascckenikjonesbell,
TYPE = "ARTICLE",
CITE = "iascckenikjonesbell",
TITLE = "",
}

%%##################################################
%% ARTICLE    surfaceenergy
%%##################################################
@ARTICLE{surfaceenergy,
TYPE = "ARTICLE",
CITE = "surfaceenergy",
TITLE = "",
}

%%##################################################
%% ARTICLE    tendl2009
%%##################################################
@ARTICLE{tendl2009,
TYPE = "ARTICLE",
CITE = "tendl2009",
TITLE = "",
}

%%##################################################
%% ARTICLE    tendl2017
%%##################################################
@ARTICLE{tendl2017,
TYPE = "ARTICLE",
CITE = "tendl2017",
TITLE = "",
}

%%##################################################
%% ARTICLE    tendl2019
%%##################################################
@ARTICLE{tendl2019,
TYPE = "ARTICLE",
CITE = "tendl2019",
TITLE = "",
}

%%##################################################
%% ARTICLE    paynedftreview
%%##################################################
@ARTICLE{paynedftreview,
TYPE = "ARTICLE",
CITE = "paynedftreview",
TITLE = "",
}

%%##################################################
%% ARTICLE    adsorptionbr2
%%##################################################
@ARTICLE{adsorptionbr2,
TYPE = "ARTICLE",
CITE = "adsorptionbr2",
AUTHOR = "A. L. Okana-Lomanga and B. R. Malonda-Boungou and G. Dimitri Ngantso and A. T. Raji",
TITLE = "Adsorption of Br2 molecule on the Fe W(110) substrate - Energetics, electronic and magnetic properties",
JOURNAL = "Computational Condensed Matter",
YEAR = "2020",
VOLUME = "23",
ISSUE = "",
PAGES = "",
}

%%##################################################
%% ARTICLE    radionuclides
%%##################################################
@ARTICLE{radionuclides,
TYPE = "ARTICLE",
CITE = "radionuclides",
AUTHOR = "J. Rodenas and G. Verdu",
TITLE = "Analysis of nuclear reactions to determine the radionuclides generated and its activity in various devices",
JOURNAL = "Radiation Physics and Chemistry",
YEAR = "2020",
VOLUME = "167",
ISSUE = "",
PAGES = "1-6",
}

%%##################################################
%% ARTICLE    scalediagram
%%##################################################
@ARTICLE{scalediagram,
TYPE = "ARTICLE",
CITE = "scalediagram",
AUTHOR = "Roger Rousseau and Vassiliki-Alexandra Glezakou and Annabella Selloni",
TITLE = "Theoretical insights into the surface physics and chemistry of redox-active oxides",
JOURNAL = "Nature Reviews Materials",
YEAR = "2020",
VOLUME = "",
ISSUE = "5",
PAGES = "460-475",
URL = "https://www.nature.com/articles/s41578-020-0198-9?proof",
}

%%##################################################
%% ARTICLE    potgieter1990a
%%##################################################
@ARTICLE{potgieter1990a,
TYPE = "ARTICLE",
CITE = "potgieter1990a",
TITLE = "",
}

%%##################################################
%% ARTICLE    potgieter1990b
%%##################################################
@ARTICLE{potgieter1990b,
TYPE = "ARTICLE",
CITE = "potgieter1990b",
TITLE = "",
}

%%##################################################
%% ARTICLE    potgieter1994
%%##################################################
@ARTICLE{potgieter1994,
TYPE = "ARTICLE",
CITE = "potgieter1994",
TITLE = "",
}

%%##################################################
%% ARTICLE    noblemetalchemical
%%##################################################
@ARTICLE{noblemetalchemical,
TYPE = "ARTICLE",
CITE = "noblemetalchemical",
TITLE = "",
}

%%##################################################
%% ARTICLE    exforco55
%%##################################################
@ARTICLE{exforco55,
TYPE = "ARTICLE",
CITE = "exforco55",
TITLE = "",
}

%%##################################################
%% ARTICLE    vonneumannrngquote
%%##################################################
@ARTICLE{vonneumannrngquote,
TYPE = "ARTICLE",
CITE = "vonneumannrngquote",
AUTHOR = "",
}

%%##################################################
%% ARTICLE    fecumalerba
%%##################################################
@ARTICLE{fecumalerba,
TYPE = "ARTICLE",
CITE = "fecumalerba",
AUTHOR = "R. C. Pasianot and L. Malerba",
TITLE = "Interatomic potentials consistent with thermodynamics: The Fe-Cu system",
JOURNAL = "Journal of Nuclear Materials",
YEAR = "2007",
VOLUME = "360",
ISSUE = "",
PAGES = "118-127",
}

%%##################################################
%% ARTICLE    orthonisi
%%##################################################
@ARTICLE{orthonisi,
TYPE = "ARTICLE",
CITE = "orthonisi",
AUTHOR = "D. Connetable and O. Thomas",
TITLE = "First-principles study of the structural, electronic, vibrational and elastic properties of orthorhombic NiSi",
JOURNAL = "Physical Review B",
YEAR = "2009",
VOLUME = "79",
ISSUE = "",
PAGES = "",
}

%%##################################################
%% ARTICLE    ecforhcp
%%##################################################
@ARTICLE{ecforhcp,
TYPE = "ARTICLE",
CITE = "ecforhcp",
AUTHOR = "Gerd Steinle-Neumann and Lars Strixrude and Ronald E Cohen",
TITLE = "First-Principles Elastic Constants for the hcp Transition Metals Fe, Co and Re at High Pressure",
JOURNAL = "",
YEAR = "2008",
VOLUME = "",
ISSUE = "",
PAGES = "",
}

%%##################################################
%% ARTICLE    strucpropmehl
%%##################################################
@ARTICLE{strucpropmehl,
TYPE = "ARTICLE",
CITE = "strucpropmehl",
AUTHOR = "M. J. Mehl and J. E. Osburn and D. A. Papaconstantopoulos and B. M. Klein",
TITLE = "Structural properties of ordered high-melting-temperature intermetallic alloys from first-principles total-energy calculations",
JOURNAL = "Physical Review B",
YEAR = "1990",
VOLUME = "41",
ISSUE = "15",
PAGES = "311-323",
}

%%##################################################
%% ARTICLE    ecorthoptsi
%%##################################################
@ARTICLE{ecorthoptsi,
TYPE = "ARTICLE",
CITE = "ecorthoptsi",
AUTHOR = "Gus L W Hart and O Beckstein and J E Klepeis O Pankratov",
TITLE = "First-principles elastic constants and electronic structure of alpha Pt2Si and PtSi",
JOURNAL = "Physical Review B",
YEAR = "2000",
VOLUME = "63",
ISSUE = "",
PAGES = "1-12",
}

%%##################################################
%% ARTICLE    ipbonny
%%##################################################
@ARTICLE{ipbonny,
TYPE = "ARTICLE",
CITE = "ipbonny",
AUTHOR = "G. Bonny and R. C. Pasianot and L. Malerba",
TITLE = "Interatomic potentials for alloys: Fitting concentration dependent properties",
JOURNAL = "Philosophical Magazine",
YEAR = "2009",
VOLUME = "89",
ISSUE = "8",
PAGES = "711-725",
}

%%##################################################
%% ARTICLE    mehlsp
%%##################################################
@ARTICLE{mehlsp,
TYPE = "ARTICLE",
CITE = "mehlsp",
AUTHOR = "M. J. Mehl and D. J. Singh and D. A. Papaconstantopoulos",
TITLE = "Properties of ordered intermetallic alloys: first-principles and approximate methods",
JOURNAL = "Materials Science and Engineering",
YEAR = "1993",
VOLUME = "",
ISSUE = "",
PAGES = "49-57",
}

%%##################################################
%% ARTICLE    mishinnial
%%##################################################
@ARTICLE{mishinnial,
TYPE = "ARTICLE",
CITE = "mishinnial",
AUTHOR = "Y. Mishin",
TITLE = "Atomistic modeling of the gamma and gamma prime phases of the Ni-Al system",
JOURNAL = "Acta Materialia",
YEAR = "2004",
VOLUME = "52",
ISSUE = "",
PAGES = "1451-1467",
}

%%##################################################
%% ARTICLE    rosevinet
%%##################################################
@ARTICLE{rosevinet,
TYPE = "ARTICLE",
CITE = "rosevinet",
AUTHOR = "Pascal Vinet and James H Rose and John Ferrante and John R Smith",
TITLE = "Universal features of the equation of state of solids",
JOURNAL = "Journal of Physics Condensed Matter 1",
YEAR = "1989",
VOLUME = "",
ISSUE = "",
PAGES = "1941-1963",
}

%%##################################################
%% ARTICLE    bonnywre
%%##################################################
@ARTICLE{bonnywre,
TYPE = "ARTICLE",
CITE = "bonnywre",
AUTHOR = "G. Bonny and A. Bakaev and D. Terentyev",
TITLE = "Interatomic potential to study plastic deformation in tungsten-rhenium alloys",
JOURNAL = "Journal of Applied Physics",
YEAR = "2017",
VOLUME = "121",
ISSUE = "165107",
PAGES = "1-13",
}

%%##################################################
%% ARTICLE    hepburnfec
%%##################################################
@ARTICLE{hepburnfec,
TYPE = "ARTICLE",
CITE = "hepburnfec",
AUTHOR = "Derek J Hepburn and Graeme J Ackland",
TITLE = "Metallic-covalent interatomic potential for carbon in iron",
JOURNAL = "Physical Review B",
YEAR = "2008",
VOLUME = "78",
ISSUE = "165115",
PAGES = "1-6",
}

%%##################################################
%% ARTICLE    acklandtbm
%%##################################################
@ARTICLE{acklandtbm,
TYPE = "ARTICLE",
CITE = "acklandtbm",
AUTHOR = "G J Ackland and M W Finnis and V Vitek",
TITLE = "Validity of the second moment tight-binding model",
JOURNAL = "J. Phys. F. Met. Phys",
YEAR = "1988",
VOLUME = "18",
ISSUE = "L153",
PAGES = "",
}

%%##################################################
%% ARTICLE    mendelevruau
%%##################################################
@ARTICLE{mendelevruau,
TYPE = "ARTICLE",
CITE = "mendelevruau",
AUTHOR = "Andrea Fortini and Mikhail I Mendelev and Sergey Buldyrev et al",
TITLE = "Asperity contacts at the nanoscale: Comparison of Ru and Au",
JOURNAL = "J. Appl. Phys.",
YEAR = "2008",
VOLUME = "104",
ISSUE = "074320",
PAGES = "1-9",
}

%%##################################################
%% BOOK    convsteelooc
%%##################################################
@BOOK{convsteelooc,
TYPE = "BOOK",
CITE = "convsteelooc",
TITLE = "",
}

%%##################################################
%% BOOK    medicalmetals133
%%##################################################
@BOOK{medicalmetals133,
TYPE = "BOOK",
CITE = "medicalmetals133",
AUTHOR = "Jeremy L. Gilber",
TITLE = "Metals - Basic Principles",
JOURNAL = "",
YEAR = "",
VOLUME = "",
ISSUE = "",
PAGES = "",
}

%%##################################################
%% BOOK    elasticpropertiesmehl
%%##################################################
@BOOK{elasticpropertiesmehl,
TYPE = "BOOK",
CITE = "elasticpropertiesmehl",
AUTHOR = "M. J. Mehl and B. M. Klein and D. A. Papaconstantopoulos",
TITLE = "First Principles Calculations of Elastic Properties of Metals",
JOURNAL = "",
YEAR = "1994",
VOLUME = "",
ISSUE = "",
PAGES = "",
}

%%##################################################
%% BOOK    leachmanneutrons
%%##################################################
@BOOK{leachmanneutrons,
TYPE = "BOOK",
CITE = "leachmanneutrons",
TITLE = "",
}

%%##################################################
%% BOOK    mmfpe
%%##################################################
@BOOK{mmfpe,
TYPE = "BOOK",
CITE = "mmfpe",
AUTHOR = "K. F. Riley and M. P. Hobson and S. J. Bence",
TITLE = "Mathematical Methods for Physics and Engineering",
JOURNAL = "",
YEAR = "2007",
VOLUME = "",
ISSUE = "",
PAGES = "",
}

%%##################################################
%% BOOK    njcarron
%%##################################################
@BOOK{njcarron,
TYPE = "BOOK",
CITE = "njcarron",
AUTHOR = "N J Carron",
TITLE = "An Introduction to the Passage of Energetic Particles through Matter",
JOURNAL = "",
YEAR = "2007",
VOLUME = "",
ISSUE = "",
PAGES = "",
}

%%##################################################
%% BOOK    gswas
%%##################################################
@BOOK{gswas,
TYPE = "BOOK",
CITE = "gswas",
AUTHOR = "G. S. Was",
TITLE = "Fundamentals of Radiation Materials Science",
JOURNAL = "",
YEAR = "2007",
VOLUME = "",
ISSUE = "",
PAGES = "",
}

%%##################################################
%% BOOK    gswasike
%%##################################################
@BOOK{gswasike,
TYPE = "BOOK",
CITE = "gswasike",
TITLE = "",
}

%%##################################################
%% BOOK    gswasiascc
%%##################################################
@BOOK{gswasiascc,
TYPE = "BOOK",
CITE = "gswasiascc",
TITLE = "",
}

%%##################################################
%% BOOK    jeff311
%%##################################################
@BOOK{jeff311,
TYPE = "BOOK",
CITE = "jeff311",
AUTHOR = "A. Santamarina and D. Bernard and P. Blaise and M. Coste and A. Courcelle and T.D. Huynh and C. Jouanne and P. Leconte and O. Litaize and S. Mengelle and G. Noguère and J-M. Ruggiéri and O. Sérot and J. Tommasi and C. Vaglio and J-F. Vidal",
TITLE = "The JEFF-3.1.1 Nuclear Data Library",
JOURNAL = "",
YEAR = "2009",
VOLUME = "",
ISSUE = "",
PAGES = "",
}

%%##################################################
%% BOOK    propaustenitic
%%##################################################
@BOOK{propaustenitic,
TYPE = "BOOK",
CITE = "propaustenitic",
AUTHOR = "P. J. Maziasz and  M. Le Flem",
TITLE = "Properties of Austenitic Steels for Nuclear Reactor Applications",
JOURNAL = "Comprehensive Nuclear Materials",
YEAR = "2012",
VOLUME = "2",
ISSUE = "",
PAGES = "303-318",
}

%%##################################################
%% BOOK    gknollattenuation
%%##################################################
@BOOK{gknollattenuation,
TYPE = "BOOK",
CITE = "gknollattenuation",
TITLE = "",
}

%%##################################################
%% BOOK    msrcorrosion
%%##################################################
@BOOK{msrcorrosion,
TYPE = "BOOK",
CITE = "msrcorrosion",
TITLE = "",
}

%%##################################################
%% BOOK    geniiiplussafety
%%##################################################
@BOOK{geniiiplussafety,
TYPE = "BOOK",
CITE = "geniiiplussafety",
TITLE = "",
}

%%##################################################
%% BOOK    pionexchange
%%##################################################
@BOOK{pionexchange,
TYPE = "BOOK",
CITE = "pionexchange",
TITLE = "",
}

%%##################################################
%% BOOK    marzarithesis1
%%##################################################
@BOOK{marzarithesis1,
TYPE = "BOOK",
CITE = "marzarithesis1",
TITLE = "",
}

%%##################################################
%% BOOK    marzarithesis2
%%##################################################
@BOOK{marzarithesis2,
TYPE = "BOOK",
CITE = "marzarithesis2",
TITLE = "",
}

%%##################################################
%% BOOK    johnhewett
%%##################################################
@BOOK{johnhewett,
TYPE = "BOOK",
CITE = "johnhewett",
TITLE = "",
}

%%##################################################
%% BOOK    hjonesfermi
%%##################################################
@BOOK{hjonesfermi,
TYPE = "BOOK",
CITE = "hjonesfermi",
TITLE = "",
}

%%##################################################
%% BOOK    dftgupta1
%%##################################################
@BOOK{dftgupta1,
TYPE = "BOOK",
CITE = "dftgupta1",
TITLE = "",
}

%%##################################################
%% BOOK    srimbook
%%##################################################
@BOOK{srimbook,
TYPE = "BOOK",
CITE = "srimbook",
AUTHOR = "J. F. Ziegler and J. P. Biersack and M. D. Ziegler",
TITLE = "The Stopping and Range of Ions in Matter",
JOURNAL = "",
YEAR = "2015",
VOLUME = "",
ISSUE = "",
PAGES = "",
}

%%##################################################
%% BOOK    talysmanual
%%##################################################
@BOOK{talysmanual,
TYPE = "BOOK",
CITE = "talysmanual",
TITLE = "",
}

%%##################################################
%% BOOK    advancedbiomass
%%##################################################
@BOOK{advancedbiomass,
TYPE = "BOOK",
CITE = "advancedbiomass",
AUTHOR = "S Heidenreich and M Müller and P. U. Foscolo",
TITLE = "Advanced Biomass Gasification - New Concepts for Efficiency Increase and Product Flexibility",
JOURNAL = "",
YEAR = "2016",
VOLUME = "",
ISSUE = "",
PAGES = "",
}

%%##################################################
%% BOOK    dlpolymanual
%%##################################################
@BOOK{dlpolymanual,
TYPE = "BOOK",
CITE = "dlpolymanual",
AUTHOR = "I.T.Todorov and W. Smith",
TITLE = "The DL_POLY_4 User Manual",
JOURNAL = "",
YEAR = "2016",
VOLUME = "",
ISSUE = "4.08",
PAGES = "",
}

%%##################################################
%% BOOK    staehlecoriou
%%##################################################
@BOOK{staehlecoriou,
TYPE = "BOOK",
CITE = "staehlecoriou",
TITLE = "",
}

%%##################################################
%% BOOK    genivstrucmat
%%##################################################
@BOOK{genivstrucmat,
TYPE = "BOOK",
CITE = "genivstrucmat",
AUTHOR = "J. L. Seran and M. Le Flem",
TITLE = "Irradiation-resistant Austenitic Steels as Core Materials for Generation IV Nuclear Reactors",
JOURNAL = "",
YEAR = "2017",
VOLUME = "",
ISSUE = "",
PAGES = "285-328",
}

%%##################################################
%% BOOK    genivdpa
%%##################################################
@BOOK{genivdpa,
TYPE = "BOOK",
CITE = "genivdpa",
AUTHOR = "A. Aitkaliyeva and L. He and H. Wen and B. Miller and X. M. Bai and T. Allen",
TITLE = "Irradiation effects in Generation IV nuclear reactor materials",
JOURNAL = "Structural Materials for Generation IV Nuclear Reactors",
YEAR = "2017",
VOLUME = "",
ISSUE = "",
PAGES = "253-283",
}

%%##################################################
%% BOOK    wasstrucaustenitic
%%##################################################
@BOOK{wasstrucaustenitic,
TYPE = "BOOK",
CITE = "wasstrucaustenitic",
TITLE = "",
}

%%##################################################
%% BOOK    solidstatebasics
%%##################################################
@BOOK{solidstatebasics,
TYPE = "BOOK",
CITE = "solidstatebasics",
TITLE = "",
}

%%##################################################
%% BOOK    aligningelectrons
%%##################################################
@BOOK{aligningelectrons,
TYPE = "BOOK",
CITE = "aligningelectrons",
TITLE = "",
}

%%##################################################
%% BOOK    solidstatebasicswcs
%%##################################################
@BOOK{solidstatebasicswcs,
TYPE = "BOOK",
CITE = "solidstatebasicswcs",
TITLE = "",
}

%%##################################################
%% BOOK    physcondensed
%%##################################################
@BOOK{physcondensed,
TYPE = "BOOK",
CITE = "physcondensed",
TITLE = "",
}

